[{"id": 1081740867, "price": "51339.49000000", "qty": "0.00335000", "quoteQty": "171.98729150", "time": 1633508224968, "isBuyerMaker": false, "isBestMatch": true}, {"id": 1081740868, "price": "51339.49000000", "qty": "0.00334000", "quoteQty": "171.47389660", "time": 1633508224968, "isBuyerMaker": false, "isBestMatch": true}, {"id": 1081740869, "price": "51339.49000000", "qty": "0.00334000", "quoteQty": "171.47389660", "time": 1633508224969, "isBuyerMaker": false, "isBestMatch": true}, {"id": 1081740870, "price": "51339.49000000", "qty": "0.00626000", "quoteQty": "321.38520740", "time": 1633508224970, "isBuyerMaker": false, "isBestMatch": true}, {"id": 1081740871, "price": "51339.49000000", "qty": "0.00478000", "quoteQty": "245.40276220", "time": 1633508224970, "isBuyerMaker": false, "isBestMatch": true}, {"id": 1081740872, "price": "51339.49000000", "qty": "0.00027000", "quoteQty": "13.86166230", "time": 1633508224970, "isBuyerMaker": false, "isBestMatch": true}, {"id": 1081740873, "price": "51339.49000000", "qty": "0.00036000", "quoteQty": "18.48221640", "time": 1633508224970, "isBuyerMaker": false, "isBestMatch": true}, {"id": 1081740874, "price": "51339.49000000", "qty": "0.00024000", "quoteQty": "12.32147760", "time": 1633508224970, "isBuyerMaker": false, "isBestMatch": true}, {"id": 1081740875, "price": "51339.49000000", "qty": "0.00060000", "quoteQty": "30.80369400", "time": 1633508224970, "isBuyerMaker": false, "isBestMatch": true}, {"id": 1081740876, "price": "51339.49000000", "qty": "0.00313000", "quoteQty": "160.69260370", "time": 1633508224970, "isBuyerMaker": false, "isBestMatch": true}, {"id": 1081740877, "price": "51339.49000000", "qty": "0.00033000", "quoteQty": "16.94203170", "time": 1633508224970, "isBuyerMaker": false, "isBestMatch": true}, {"id": 1081740878, "price": "51339.49000000", "qty": "0.00021000", "quoteQty": "10.78129290", "time": 1633508224970, "isBuyerMaker": false, "isBestMatch": true}, {"id": 1081740879, "price": "51339.49000000", "qty": "0.00049000", "quoteQty": "25.15635010", "time": 1633508224970, "isBuyerMaker": false, "isBestMatch": true}, {"id": 1081740880, "price": "51339.49000000", "qty": "0.00095000", "quoteQty": "48.77251550", "time": 1633508224970, "isBuyerMaker": false, "isBestMatch": true}, {"id": 1081740881, "price": "51339.49000000", "qty": "0.00114000", "quoteQty": "58.52701860", "time": 1633508224970, "isBuyerMaker": false, "isBestMatch": true}, {"id": 1081740882, "price": "51339.49000000", "qty": "0.00035000", "quoteQty": "17.96882150", "time": 1633508224971, "isBuyerMaker": false, "isBestMatch": true}, {"id": 1081740883, "price": "51339.49000000", "qty": "0.00070000", "quoteQty": "35.93764300", "time": 1633508224971, "isBuyerMaker": false, "isBestMatch": true}, {"id": 1081740884, "price": "51339.49000000", "qty": "0.00029000", "quoteQty": "14.88845210", "time": 1633508224971, "isBuyerMaker": false, "isBestMatch": true}, {"id": 1081740885, "price": "51339.49000000", "qty": "0.00028000", "quoteQty": "14.37505720", "time": 1633508224971, "isBuyerMaker": false, "isBestMatch": true}, {"id": 1081740886, "price": "51339.49000000", "qty": "0.00173000", "quoteQty": "88.81731770", "time": 1633508224971, "isBuyerMaker": false, "isBestMatch": true}, {"id": 1081740887, "price": "51339.49000000", "qty": "0.00313000", "quoteQty": "160.69260370", "time": 1633508224971, "isBuyerMaker": false, "isBestMatch": true}, {"id": 1081740888, "price": "51339.49000000", "qty": "0.00061000", "quoteQty": "31.31708890", "time": 1633508224971, "isBuyerMaker": false, "isBestMatch": true}, {"id": 1081740889, "price": "51339.49000000", "qty": "0.00028000", "quoteQty": "14.37505720", "time": 1633508224971, "isBuyerMaker": false, "isBestMatch": true}, {"id": 1081740890, "price": "51339.49000000", "qty": "0.00022000", "quoteQty": "11.29468780", "time": 1633508224971, "isBuyerMaker": false, "isBestMatch": true}, {"id": 1081740891, "price": "51339.49000000", "qty": "0.00084000", "quoteQty": "43.12517160", "time": 1633508224971, "isBuyerMaker": false, "isBestMatch": true}, {"id": 1081740892, "price": "51339.49000000", "qty": "0.00022000", "quoteQty": "11.29468780", "time": 1633508224971, "isBuyerMaker": false, "isBestMatch": true}, {"id": 1081740893, "price": "51339.49000000", "qty": "0.00025000", "quoteQty": "12.83487250", "time": 1633508224971, "isBuyerMaker": false, "isBestMatch": true}, {"id": 1081740894, "price": "51339.49000000", "qty": "0.00065000", "quoteQty": "33.37066850", "time": 1633508224971, "isBuyerMaker": false, "isBestMatch": true}, {"id": 1081740895, "price": "51339.49000000", "qty": "0.00006000", "quoteQty": "3.08036940", "time": 1633508224971, "isBuyerMaker": false, "isBestMatch": true}, {"id": 1081740896, "price": "51339.49000000", "qty": "0.00033000", "quoteQty": "16.94203170", "time": 1633508224971, "isBuyerMaker": false, "isBestMatch": true}, {"id": 1081740897, "price": "51339.49000000", "qty": "0.00036000", "quoteQty": "18.48221640", "time": 1633508224971, "isBuyerMaker": false, "isBestMatch": true}, {"id": 1081740898, "price": "51339.49000000", "qty": "0.00023000", "quoteQty": "11.80808270", "time": 1633508224971, "isBuyerMaker": false, "isBestMatch": true}, {"id": 1081740899, "price": "51339.49000000", "qty": "0.00041000", "quoteQty": "21.04919090", "time": 1633508224971, "isBuyerMaker": false, "isBestMatch": true}, {"id": 1081740900, "price": "51339.49000000", "qty": "0.00020000", "quoteQty": "10.26789800", "time": 1633508224971, "isBuyerMaker": false, "isBestMatch": true}, {"id": 1081740901, "price": "51339.49000000", "qty": "0.00029000", "quoteQty": "14.88845210", "time": 1633508224971, "isBuyerMaker": false, "isBestMatch": true}, {"id": 1081740902, "price": "51339.49000000", "qty": "0.00146000", "quoteQty": "74.95565540", "time": 1633508224971, "isBuyerMaker": false, "isBestMatch": true}, {"id": 1081740903, "price": "51339.49000000", "qty": "0.00061000", "quoteQty": "31.31708890", "time": 1633508224972, "isBuyerMaker": false, "isBestMatch": true}, {"id": 1081740904, "price": "51339.49000000", "qty": "0.00029000", "quoteQty": "14.88845210", "time": 1633508224972, "isBuyerMaker": false, "isBestMatch": true}, {"id": 1081740905, "price": "51339.49000000", "qty": "0.00046000", "quoteQty": "23.61616540", "time": 1633508224972, "isBuyerMaker": false, "isBestMatch": true}, {"id": 1081740906, "price": "51339.49000000", "qty": "0.00023000", "quoteQty": "11.80808270", "time": 1633508224972, "isBuyerMaker": false, "isBestMatch": true}, {"id": 1081740907, "price": "51339.49000000", "qty": "0.00029000", "quoteQty": "14.88845210", "time": 1633508224972, "isBuyerMaker": false, "isBestMatch": true}, {"id": 1081740908, "price": "51339.49000000", "qty": "0.00035000", "quoteQty": "17.96882150", "time": 1633508224972, "isBuyerMaker": false, "isBestMatch": true}, {"id": 1081740909, "price": "51339.49000000", "qty": "0.00028000", "quoteQty": "14.37505720", "time": 1633508224972, "isBuyerMaker": false, "isBestMatch": true}, {"id": 1081740910, "price": "51339.49000000", "qty": "0.00119000", "quoteQty": "61.09399310", "time": 1633508224972, "isBuyerMaker": false, "isBestMatch": true}, {"id": 1081740911, "price": "51339.49000000", "qty": "0.00052000", "quoteQty": "26.69653480", "time": 1633508224972, "isBuyerMaker": false, "isBestMatch": true}, {"id": 1081740912, "price": "51339.49000000", "qty": "0.00027000", "quoteQty": "13.86166230", "time": 1633508224972, "isBuyerMaker": false, "isBestMatch": true}, {"id": 1081740913, "price": "51339.49000000", "qty": "0.00027000", "quoteQty": "13.86166230", "time": 1633508224972, "isBuyerMaker": false, "isBestMatch": true}, {"id": 1081740914, "price": "51339.49000000", "qty": "0.00037000", "quoteQty": "18.99561130", "time": 1633508224972, "isBuyerMaker": false, "isBestMatch": true}, {"id": 1081740915, "price": "51339.49000000", "qty": "0.00021000", "quoteQty": "10.78129290", "time": 1633508224972, "isBuyerMaker": false, "isBestMatch": true}, {"id": 1081740916, "price": "51339.49000000", "qty": "0.00049000", "quoteQty": "25.15635010", "time": 1633508224972, "isBuyerMaker": false, "isBestMatch": true}, {"id": 1081740917, "price": "51339.49000000", "qty": "0.00034000", "quoteQty": "17.45542660", "time": 1633508224972, "isBuyerMaker": false, "isBestMatch": true}, {"id": 1081740918, "price": "51339.49000000", "qty": "0.00009000", "quoteQty": "4.62055410", "time": 1633508224972, "isBuyerMaker": false, "isBestMatch": true}, {"id": 1081740919, "price": "51339.49000000", "qty": "0.00251000", "quoteQty": "128.86211990", "time": 1633508224973, "isBuyerMaker": false, "isBestMatch": true}, {"id": 1081740920, "price": "51339.49000000", "qty": "0.00040000", "quoteQty": "20.53579600", "time": 1633508224973, "isBuyerMaker": false, "isBestMatch": true}, {"id": 1081740921, "price": "51339.49000000", "qty": "0.00033000", "quoteQty": "16.94203170", "time": 1633508224973, "isBuyerMaker": false, "isBestMatch": true}, {"id": 1081740922, "price": "51339.49000000", "qty": "0.00078000", "quoteQty": "40.04480220", "time": 1633508224973, "isBuyerMaker": false, "isBestMatch": true}, {"id": 1081740923, "price": "51339.49000000", "qty": "0.00033000", "quoteQty": "16.94203170", "time": 1633508224973, "isBuyerMaker": false, "isBestMatch": true}, {"id": 1081740924, "price": "51339.49000000", "qty": "0.00035000", "quoteQty": "17.96882150", "time": 1633508224973, "isBuyerMaker": false, "isBestMatch": true}, {"id": 1081740925, "price": "51339.49000000", "qty": "0.00020000", "quoteQty": "10.26789800", "time": 1633508224973, "isBuyerMaker": false, "isBestMatch": true}, {"id": 1081740926, "price": "51339.49000000", "qty": "0.00030000", "quoteQty": "15.40184700", "time": 1633508224973, "isBuyerMaker": false, "isBestMatch": true}, {"id": 1081740927, "price": "51339.49000000", "qty": "0.00020000", "quoteQty": "10.26789800", "time": 1633508224973, "isBuyerMaker": false, "isBestMatch": true}, {"id": 1081740928, "price": "51339.49000000", "qty": "0.00150000", "quoteQty": "77.00923500", "time": 1633508224973, "isBuyerMaker": false, "isBestMatch": true}, {"id": 1081740929, "price": "51339.49000000", "qty": "0.00025000", "quoteQty": "12.83487250", "time": 1633508224973, "isBuyerMaker": false, "isBestMatch": true}, {"id": 1081740930, "price": "51339.49000000", "qty": "0.00023000", "quoteQty": "11.80808270", "time": 1633508224973, "isBuyerMaker": false, "isBestMatch": true}, {"id": 1081740931, "price": "51339.49000000", "qty": "0.00469000", "quoteQty": "240.78220810", "time": 1633508224973, "isBuyerMaker": false, "isBestMatch": true}, {"id": 1081740932, "price": "51339.49000000", "qty": "0.00335000", "quoteQty": "171.98729150", "time": 1633508224973, "isBuyerMaker": false, "isBestMatch": true}, {"id": 1081740933, "price": "51339.49000000", "qty": "0.00619000", "quoteQty": "317.79144310", "time": 1633508224973, "isBuyerMaker": false, "isBestMatch": true}, {"id": 1081740934, "price": "51339.49000000", "qty": "0.00626000", "quoteQty": "321.38520740", "time": 1633508224974, "isBuyerMaker": false, "isBestMatch": true}, {"id": 1081740935, "price": "51339.49000000", "qty": "0.00334000", "quoteQty": "171.47389660", "time": 1633508224976, "isBuyerMaker": false, "isBestMatch": true}, {"id": 1081740936, "price": "51339.49000000", "qty": "0.00623000", "quoteQty": "319.84502270", "time": 1633508224976, "isBuyerMaker": false, "isBestMatch": true}, {"id": 1081740937, "price": "51339.49000000", "qty": "0.00622000", "quoteQty": "319.33162780", "time": 1633508224978, "isBuyerMaker": false, "isBestMatch": true}, {"id": 1081740938, "price": "51339.49000000", "qty": "0.00625000", "quoteQty": "320.87181250", "time": 1633508224978, "isBuyerMaker": false, "isBestMatch": true}, {"id": 1081740939, "price": "51339.49000000", "qty": "0.00335000", "quoteQty": "171.98729150", "time": 1633508224981, "isBuyerMaker": false, "isBestMatch": true}, {"id": 1081740940, "price": "51339.49000000", "qty": "0.00334000", "quoteQty": "171.47389660", "time": 1633508224982, "isBuyerMaker": false, "isBestMatch": true}, {"id": 1081740941, "price": "51339.49000000", "qty": "0.00335000", "quoteQty": "171.98729150", "time": 1633508224991, "isBuyerMaker": false, "isBestMatch": true}, {"id": 1081740942, "price": "51339.49000000", "qty": "0.02611000", "quoteQty": "1340.47408390", "time": 1633508225139, "isBuyerMaker": false, "isBestMatch": true}, {"id": 1081740943, "price": "51339.49000000", "qty": "0.16866000", "quoteQty": "8658.91838340", "time": 1633508225139, "isBuyerMaker": false, "isBestMatch": true}, {"id": 1081740944, "price": "51339.48000000", "qty": "0.00375000", "quoteQty": "192.52305000", "time": 1633508225219, "isBuyerMaker": true, "isBestMatch": true}, {"id": 1081740945, "price": "51339.48000000", "qty": "0.01109000", "quoteQty": "569.35483320", "time": 1633508225219, "isBuyerMaker": true, "isBestMatch": true}, {"id": 1081740946, "price": "51339.48000000", "qty": "0.00753000", "quoteQty": "386.58628440", "time": 1633508225349, "isBuyerMaker": true, "isBestMatch": true}, {"id": 1081740947, "price": "51339.48000000", "qty": "0.00994000", "quoteQty": "510.31443120", "time": 1633508225361, "isBuyerMaker": true, "isBestMatch": true}, {"id": 1081740948, "price": "51339.49000000", "qty": "0.00025000", "quoteQty": "12.83487250", "time": 1633508225413, "isBuyerMaker": false, "isBestMatch": true}, {"id": 1081740949, "price": "51339.48000000", "qty": "0.00180000", "quoteQty": "92.41106400", "time": 1633508225436, "isBuyerMaker": true, "isBestMatch": true}, {"id": 1081740950, "price": "51339.49000000", "qty": "0.00005000", "quoteQty": "2.56697450", "time": 1633508225560, "isBuyerMaker": false, "isBestMatch": true}, {"id": 1081740951, "price": "51339.49000000", "qty": "0.00182000", "quoteQty": "93.43787180", "time": 1633508225560, "isBuyerMaker": false, "isBestMatch": true}, {"id": 1081740952, "price": "51339.49000000", "qty": "0.00300000", "quoteQty": "154.01847000", "time": 1633508225966, "isBuyerMaker": false, "isBestMatch": true}, {"id": 1081740953, "price": "51339.49000000", "qty": "0.00041000", "quoteQty": "21.04919090", "time": 1633508225966, "isBuyerMaker": false, "isBestMatch": true}, {"id": 1081740954, "price": "51339.49000000", "qty": "0.00024000", "quoteQty": "12.32147760", "time": 1633508225966, "isBuyerMaker": false, "isBestMatch": true}, {"id": 1081740955, "price": "51339.49000000", "qty": "0.00027000", "quoteQty": "13.86166230", "time": 1633508225966, "isBuyerMaker": false, "isBestMatch": true}, {"id": 1081740956, "price": "51339.49000000", "qty": "0.00047000", "quoteQty": "24.12956030", "time": 1633508225966, "isBuyerMaker": false, "isBestMatch": true}, {"id": 1081740957, "price": "51339.49000000", "qty": "0.00065000", "quoteQty": "33.37066850", "time": 1633508225966, "isBuyerMaker": false, "isBestMatch": true}, {"id": 1081740958, "price": "51339.49000000", "qty": "0.00020000", "quoteQty": "10.26789800", "time": 1633508225966, "isBuyerMaker": false, "isBestMatch": true}, {"id": 1081740959, "price": "51339.49000000", "qty": "0.00026000", "quoteQty": "13.34826740", "time": 1633508225966, "isBuyerMaker": false, "isBestMatch": true}, {"id": 1081740960, "price": "51339.49000000", "qty": "0.00412000", "quoteQty": "211.51869880", "time": 1633508225966, "isBuyerMaker": false, "isBestMatch": true}, {"id": 1081740961, "price": "51339.49000000", "qty": "0.00023000", "quoteQty": "11.80808270", "time": 1633508225966, "isBuyerMaker": false, "isBestMatch": true}, {"id": 1081740962, "price": "51339.49000000", "qty": "0.00080000", "quoteQty": "41.07159200", "time": 1633508225966, "isBuyerMaker": false, "isBestMatch": true}, {"id": 1081740963, "price": "51339.49000000", "qty": "0.00021000", "quoteQty": "10.78129290", "time": 1633508225966, "isBuyerMaker": false, "isBestMatch": true}, {"id": 1081740964, "price": "51339.49000000", "qty": "0.00027000", "quoteQty": "13.86166230", "time": 1633508225966, "isBuyerMaker": false, "isBestMatch": true}, {"id": 1081740965, "price": "51339.49000000", "qty": "0.00021000", "quoteQty": "10.78129290", "time": 1633508225966, "isBuyerMaker": false, "isBestMatch": true}, {"id": 1081740966, "price": "51339.49000000", "qty": "0.00025000", "quoteQty": "12.83487250", "time": 1633508225966, "isBuyerMaker": false, "isBestMatch": true}, {"id": 1081740967, "price": "51339.49000000", "qty": "0.00030000", "quoteQty": "15.40184700", "time": 1633508225966, "isBuyerMaker": false, "isBestMatch": true}, {"id": 1081740968, "price": "51339.49000000", "qty": "0.00022000", "quoteQty": "11.29468780", "time": 1633508225966, "isBuyerMaker": false, "isBestMatch": true}, {"id": 1081740969, "price": "51339.49000000", "qty": "0.00024000", "quoteQty": "12.32147760", "time": 1633508225966, "isBuyerMaker": false, "isBestMatch": true}, {"id": 1081740970, "price": "51339.49000000", "qty": "0.00038000", "quoteQty": "19.50900620", "time": 1633508225966, "isBuyerMaker": false, "isBestMatch": true}, {"id": 1081740971, "price": "51339.49000000", "qty": "0.00020000", "quoteQty": "10.26789800", "time": 1633508225966, "isBuyerMaker": false, "isBestMatch": true}, {"id": 1081740972, "price": "51339.49000000", "qty": "0.00020000", "quoteQty": "10.26789800", "time": 1633508225966, "isBuyerMaker": false, "isBestMatch": true}, {"id": 1081740973, "price": "51339.49000000", "qty": "0.00049000", "quoteQty": "25.15635010", "time": 1633508225966, "isBuyerMaker": false, "isBestMatch": true}, {"id": 1081740974, "price": "51339.49000000", "qty": "0.00036000", "quoteQty": "18.48221640", "time": 1633508225966, "isBuyerMaker": false, "isBestMatch": true}, {"id": 1081740975, "price": "51339.49000000", "qty": "0.00167000", "quoteQty": "85.73694830", "time": 1633508225966, "isBuyerMaker": false, "isBestMatch": true}, {"id": 1081740976, "price": "51339.49000000", "qty": "0.00048000", "quoteQty": "24.64295520", "time": 1633508225966, "isBuyerMaker": false, "isBestMatch": true}, {"id": 1081740977, "price": "51339.49000000", "qty": "0.00038000", "quoteQty": "19.50900620", "time": 1633508225966, "isBuyerMaker": false, "isBestMatch": true}, {"id": 1081740978, "price": "51339.49000000", "qty": "0.00111000", "quoteQty": "56.98683390", "time": 1633508225966, "isBuyerMaker": false, "isBestMatch": true}, {"id": 1081740979, "price": "51339.49000000", "qty": "0.00076000", "quoteQty": "39.01801240", "time": 1633508225966, "isBuyerMaker": false, "isBestMatch": true}, {"id": 1081740980, "price": "51339.49000000", "qty": "0.00021000", "quoteQty": "10.78129290", "time": 1633508225966, "isBuyerMaker": false, "isBestMatch": true}, {"id": 1081740981, "price": "51339.49000000", "qty": "0.00032000", "quoteQty": "16.42863680", "time": 1633508225966, "isBuyerMaker": false, "isBestMatch": true}, {"id": 1081740982, "price": "51339.49000000", "qty": "0.00428000", "quoteQty": "219.73301720", "time": 1633508225966, "isBuyerMaker": false, "isBestMatch": true}, {"id": 1081740983, "price": "51339.49000000", "qty": "0.00104000", "quoteQty": "53.39306960", "time": 1633508225966, "isBuyerMaker": false, "isBestMatch": true}, {"id": 1081740984, "price": "51339.49000000", "qty": "0.00028000", "quoteQty": "14.37505720", "time": 1633508225966, "isBuyerMaker": false, "isBestMatch": true}, {"id": 1081740985, "price": "51339.49000000", "qty": "0.00033000", "quoteQty": "16.94203170", "time": 1633508225966, "isBuyerMaker": false, "isBestMatch": true}, {"id": 1081740986, "price": "51339.50000000", "qty": "0.00021000", "quoteQty": "10.78129500", "time": 1633508226025, "isBuyerMaker": true, "isBestMatch": true}, {"id": 1081740987, "price": "51339.51000000", "qty": "0.00040000", "quoteQty": "20.53580400", "time": 1633508226634, "isBuyerMaker": false, "isBestMatch": true}, {"id": 1081740988, "price": "51339.50000000", "qty": "0.01994000", "quoteQty": "1023.70963000", "time": 1633508227035, "isBuyerMaker": true, "isBestMatch": true}, {"id": 1081740989, "price": "51339.51000000", "qty": "0.00028000", "quoteQty": "14.37506280", "time": 1633508227252, "isBuyerMaker": false, "isBestMatch": true}, {"id": 1081740990, "price": "51339.51000000", "qty": "0.00744000", "quoteQty": "381.96595440", "time": 1633508227266, "isBuyerMaker": false, "isBestMatch": true}, {"id": 1081740991, "price": "51339.51000000", "qty": "0.00188000", "quoteQty": "96.51827880", "time": 1633508227282, "isBuyerMaker": false, "isBestMatch": true}, {"id": 1081740992, "price": "51339.51000000", "qty": "0.00194000", "quoteQty": "99.59864940", "time": 1633508227282, "isBuyerMaker": false, "isBestMatch": true}, {"id": 1081740993, "price": "51339.50000000", "qty": "0.00558000", "quoteQty": "286.47441000", "time": 1633508227305, "isBuyerMaker": true, "isBestMatch": true}, {"id": 1081740994, "price": "51339.51000000", "qty": "0.00406000", "quoteQty": "208.43841060", "time": 1633508227339, "isBuyerMaker": false, "isBestMatch": true}, {"id": 1081740995, "price": "51339.51000000", "qty": "0.00021000", "quoteQty": "10.78129710", "time": 1633508227339, "isBuyerMaker": false, "isBestMatch": true}, {"id": 1081740996, "price": "51339.51000000", "qty": "0.00343000", "quoteQty": "176.09451930", "time": 1633508227339, "isBuyerMaker": false, "isBestMatch": true}, {"id": 1081740997, "price": "51339.51000000", "qty": "0.00021000", "quoteQty": "10.78129710", "time": 1633508227339, "isBuyerMaker": false, "isBestMatch": true}, {"id": 1081740998, "price": "51339.51000000", "qty": "0.00028000", "quoteQty": "14.37506280", "time": 1633508227339, "isBuyerMaker": false, "isBestMatch": true}, {"id": 1081740999, "price": "51339.51000000", "qty": "0.00052000", "quoteQty": "26.69654520", "time": 1633508227339, "isBuyerMaker": false, "isBestMatch": true}, {"id": 1081741000, "price": "51339.51000000", "qty": "0.00022000", "quoteQty": "11.29469220", "time": 1633508227339, "isBuyerMaker": false, "isBestMatch": true}, {"id": 1081741001, "price": "51339.51000000", "qty": "0.00022000", "quoteQty": "11.29469220", "time": 1633508227339, "isBuyerMaker": false, "isBestMatch": true}, {"id": 1081741002, "price": "51339.51000000", "qty": "0.00022000", "quoteQty": "11.29469220", "time": 1633508227339, "isBuyerMaker": false, "isBestMatch": true}, {"id": 1081741003, "price": "51339.51000000", "qty": "0.00026000", "quoteQty": "13.34827260", "time": 1633508227339, "isBuyerMaker": false, "isBestMatch": true}, {"id": 1081741004, "price": "51339.51000000", "qty": "0.00032000", "quoteQty": "16.42864320", "time": 1633508227339, "isBuyerMaker": false, "isBestMatch": true}, {"id": 1081741005, "price": "51339.51000000", "qty": "0.00381000", "quoteQty": "195.60353310", "time": 1633508227339, "isBuyerMaker": false, "isBestMatch": true}, {"id": 1081741006, "price": "51339.51000000", "qty": "0.00100000", "quoteQty": "51.33951000", "time": 1633508227339, "isBuyerMaker": false, "isBestMatch": true}, {"id": 1081741007, "price": "51339.51000000", "qty": "0.00022000", "quoteQty": "11.29469220", "time": 1633508227339, "isBuyerMaker": false, "isBestMatch": true}, {"id": 1081741008, "price": "51339.51000000", "qty": "0.00024000", "quoteQty": "12.32148240", "time": 1633508227339, "isBuyerMaker": false, "isBestMatch": true}, {"id": 1081741009, "price": "51339.51000000", "qty": "0.00028000", "quoteQty": "14.37506280", "time": 1633508227339, "isBuyerMaker": false, "isBestMatch": true}, {"id": 1081741010, "price": "51339.51000000", "qty": "0.00241000", "quoteQty": "123.72821910", "time": 1633508227339, "isBuyerMaker": false, "isBestMatch": true}, {"id": 1081741011, "price": "51339.51000000", "qty": "0.00022000", "quoteQty": "11.29469220", "time": 1633508227339, "isBuyerMaker": false, "isBestMatch": true}, {"id": 1081741012, "price": "51339.51000000", "qty": "0.00029000", "quoteQty": "14.88845790", "time": 1633508227339, "isBuyerMaker": false, "isBestMatch": true}, {"id": 1081741013, "price": "51339.51000000", "qty": "0.00001000", "quoteQty": "0.51339510", "time": 1633508227425, "isBuyerMaker": false, "isBestMatch": true}, {"id": 1081741014, "price": "51339.51000000", "qty": "0.00047000", "quoteQty": "24.12956970", "time": 1633508227425, "isBuyerMaker": false, "isBestMatch": true}, {"id": 1081741015, "price": "51339.51000000", "qty": "0.00041000", "quoteQty": "21.04919910", "time": 1633508227425, "isBuyerMaker": false, "isBestMatch": true}, {"id": 1081741016, "price": "51339.51000000", "qty": "0.00024000", "quoteQty": "12.32148240", "time": 1633508227425, "isBuyerMaker": false, "isBestMatch": true}, {"id": 1081741017, "price": "51339.51000000", "qty": "0.00027000", "quoteQty": "13.86166770", "time": 1633508227425, "isBuyerMaker": false, "isBestMatch": true}, {"id": 1081741018, "price": "51339.51000000", "qty": "0.00034000", "quoteQty": "17.45543340", "time": 1633508227425, "isBuyerMaker": false, "isBestMatch": true}, {"id": 1081741019, "price": "51339.51000000", "qty": "0.00021000", "quoteQty": "10.78129710", "time": 1633508227425, "isBuyerMaker": false, "isBestMatch": true}, {"id": 1081741020, "price": "51339.51000000", "qty": "0.00026000", "quoteQty": "13.34827260", "time": 1633508227425, "isBuyerMaker": false, "isBestMatch": true}, {"id": 1081741021, "price": "51339.51000000", "qty": "0.00021000", "quoteQty": "10.78129710", "time": 1633508227425, "isBuyerMaker": false, "isBestMatch": true}, {"id": 1081741022, "price": "51339.51000000", "qty": "0.00024000", "quoteQty": "12.32148240", "time": 1633508227425, "isBuyerMaker": false, "isBestMatch": true}, {"id": 1081741023, "price": "51339.51000000", "qty": "0.00022000", "quoteQty": "11.29469220", "time": 1633508227425, "isBuyerMaker": false, "isBestMatch": true}, {"id": 1081741024, "price": "51339.51000000", "qty": "0.00023000", "quoteQty": "11.80808730", "time": 1633508227425, "isBuyerMaker": false, "isBestMatch": true}, {"id": 1081741025, "price": "51339.51000000", "qty": "0.00021000", "quoteQty": "10.78129710", "time": 1633508227425, "isBuyerMaker": false, "isBestMatch": true}, {"id": 1081741026, "price": "51339.51000000", "qty": "0.00023000", "quoteQty": "11.80808730", "time": 1633508227425, "isBuyerMaker": false, "isBestMatch": true}, {"id": 1081741027, "price": "51339.51000000", "qty": "0.00037000", "quoteQty": "18.99561870", "time": 1633508227425, "isBuyerMaker": false, "isBestMatch": true}, {"id": 1081741028, "price": "51339.51000000", "qty": "0.00041000", "quoteQty": "21.04919910", "time": 1633508227425, "isBuyerMaker": false, "isBestMatch": true}, {"id": 1081741029, "price": "51339.51000000", "qty": "0.00096000", "quoteQty": "49.28592960", "time": 1633508227425, "isBuyerMaker": false, "isBestMatch": true}, {"id": 1081741030, "price": "51339.51000000", "qty": "0.00156000", "quoteQty": "80.08963560", "time": 1633508227425, "isBuyerMaker": false, "isBestMatch": true}, {"id": 1081741031, "price": "51339.51000000", "qty": "0.00054000", "quoteQty": "27.72333540", "time": 1633508227622, "isBuyerMaker": false, "isBestMatch": true}, {"id": 1081741032, "price": "51339.51000000", "qty": "0.00023000", "quoteQty": "11.80808730", "time": 1633508227622, "isBuyerMaker": false, "isBestMatch": true}, {"id": 1081741033, "price": "51339.51000000", "qty": "0.00021000", "quoteQty": "10.78129710", "time": 1633508227622, "isBuyerMaker": false, "isBestMatch": true}, {"id": 1081741034, "price": "51339.51000000", "qty": "0.00115000", "quoteQty": "59.04043650", "time": 1633508227622, "isBuyerMaker": false, "isBestMatch": true}, {"id": 1081741035, "price": "51341.33000000", "qty": "0.00154000", "quoteQty": "79.06564820", "time": 1633508227652, "isBuyerMaker": false, "isBestMatch": true}, {"id": 1081741036, "price": "51341.32000000", "qty": "0.00023000", "quoteQty": "11.80850360", "time": 1633508227652, "isBuyerMaker": true, "isBestMatch": true}, {"id": 1081741037, "price": "51341.32000000", "qty": "0.00052000", "quoteQty": "26.69748640", "time": 1633508227673, "isBuyerMaker": true, "isBestMatch": true}, {"id": 1081741038, "price": "51341.33000000", "qty": "0.00020000", "quoteQty": "10.26826600", "time": 1633508227762, "isBuyerMaker": false, "isBestMatch": true}, {"id": 1081741039, "price": "51341.32000000", "qty": "0.00291000", "quoteQty": "149.40324120", "time": 1633508227839, "isBuyerMaker": true, "isBestMatch": true}, {"id": 1081741040, "price": "51341.33000000", "qty": "0.00022000", "quoteQty": "11.29509260", "time": 1633508228079, "isBuyerMaker": false, "isBestMatch": true}, {"id": 1081741041, "price": "51341.33000000", "qty": "0.00074000", "quoteQty": "37.99258420", "time": 1633508228087, "isBuyerMaker": false, "isBestMatch": true}, {"id": 1081741042, "price": "51341.32000000", "qty": "0.00024000", "quoteQty": "12.32191680", "time": 1633508228117, "isBuyerMaker": true, "isBestMatch": true}, {"id": 1081741043, "price": "51341.33000000", "qty": "0.03298000", "quoteQty": "1693.23706340", "time": 1633508228190, "isBuyerMaker": false, "isBestMatch": true}, {"id": 1081741044, "price": "51341.33000000", "qty": "0.01568000", "quoteQty": "805.03205440", "time": 1633508228190, "isBuyerMaker": false, "isBestMatch": true}, {"id": 1081741045, "price": "51341.33000000", "qty": "0.06623000", "quoteQty": "3400.33628590", "time": 1633508228245, "isBuyerMaker": false, "isBestMatch": true}, {"id": 1081741046, "price": "51341.33000000", "qty": "0.00697000", "quoteQty": "357.84907010", "time": 1633508228289, "isBuyerMaker": false, "isBestMatch": true}, {"id": 1081741047, "price": "51341.33000000", "qty": "0.01284000", "quoteQty": "659.22267720", "time": 1633508228337, "isBuyerMaker": false, "isBestMatch": true}, {"id": 1081741048, "price": "51341.33000000", "qty": "0.07751000", "quoteQty": "3979.46648830", "time": 1633508228337, "isBuyerMaker": false, "isBestMatch": true}, {"id": 1081741049, "price": "51341.33000000", "qty": "0.04604000", "quoteQty": "2363.75483320", "time": 1633508228352, "isBuyerMaker": false, "isBestMatch": true}, {"id": 1081741050, "price": "51341.33000000", "qty": "0.01982000", "quoteQty": "1017.58516060", "time": 1633508228498, "isBuyerMaker": false, "isBestMatch": true}, {"id": 1081741051, "price": "51341.33000000", "qty": "0.00448000", "quoteQty": "230.00915840", "time": 1633508228583, "isBuyerMaker": false, "isBestMatch": true}, {"id": 1081741052, "price": "51341.33000000", "qty": "0.00149000", "quoteQty": "76.49858170", "time": 1633508228583, "isBuyerMaker": false, "isBestMatch": true}, {"id": 1081741053, "price": "51341.33000000", "qty": "0.00542000", "quoteQty": "278.27000860", "time": 1633508228900, "isBuyerMaker": false, "isBestMatch": true}, {"id": 1081741054, "price": "51341.32000000", "qty": "0.00632000", "quoteQty": "324.47714240", "time": 1633508229185, "isBuyerMaker": true, "isBestMatch": true}, {"id": 1081741055, "price": "51341.33000000", "qty": "0.00041000", "quoteQty": "21.04994530", "time": 1633508229621, "isBuyerMaker": false, "isBestMatch": true}, {"id": 1081741056, "price": "51341.33000000", "qty": "0.00588000", "quoteQty": "301.88702040", "time": 1633508229638, "isBuyerMaker": false, "isBestMatch": true}, {"id": 1081741057, "price": "51341.33000000", "qty": "0.00212000", "quoteQty": "108.84361960", "time": 1633508229893, "isBuyerMaker": false, "isBestMatch": true}, {"id": 1081741058, "price": "51341.32000000", "qty": "0.01449000", "quoteQty": "743.93572680", "time": 1633508230185, "isBuyerMaker": true, "isBestMatch": true}, {"id": 1081741059, "price": "51341.33000000", "qty": "0.00543000", "quoteQty": "278.78342190", "time": 1633508230900, "isBuyerMaker": false, "isBestMatch": true}, {"id": 1081741060, "price": "51341.33000000", "qty": "0.01426000", "quoteQty": "732.12736580", "time": 1633508230985, "isBuyerMaker": false, "isBestMatch": true}, {"id": 1081741061, "price": "51341.33000000", "qty": "0.01426000", "quoteQty": "732.12736580", "time": 1633508231037, "isBuyerMaker": false, "isBestMatch": true}, {"id": 1081741062, "price": "51341.32000000", "qty": "0.00060000", "quoteQty": "30.80479200", "time": 1633508231129, "isBuyerMaker": true, "isBestMatch": true}, {"id": 1081741063, "price": "51341.32000000", "qty": "0.00083000", "quoteQty": "42.61329560", "time": 1633508231323, "isBuyerMaker": true, "isBestMatch": true}, {"id": 1081741064, "price": "51341.32000000", "qty": "0.00590000", "quoteQty": "302.91378800", "time": 1633508231331, "isBuyerMaker": true, "isBestMatch": true}, {"id": 1081741065, "price": "51341.32000000", "qty": "0.00097000", "quoteQty": "49.80108040", "time": 1633508231707, "isBuyerMaker": true, "isBestMatch": true}, {"id": 1081741066, "price": "51341.33000000", "qty": "0.00277000", "quoteQty": "142.21548410", "time": 1633508231750, "isBuyerMaker": false, "isBestMatch": true}, {"id": 1081741067, "price": "51341.33000000", "qty": "0.00543000", "quoteQty": "278.78342190", "time": 1633508231900, "isBuyerMaker": false, "isBestMatch": true}, {"id": 1081741068, "price": "51341.33000000", "qty": "0.01286000", "quoteQty": "660.24950380", "time": 1633508232241, "isBuyerMaker": false, "isBestMatch": true}, {"id": 1081741069, "price": "51341.32000000", "qty": "0.00104000", "quoteQty": "53.39497280", "time": 1633508232398, "isBuyerMaker": true, "isBestMatch": true}, {"id": 1081741070, "price": "51341.33000000", "qty": "0.00033000", "quoteQty": "16.94263890", "time": 1633508232866, "isBuyerMaker": false, "isBestMatch": true}, {"id": 1081741071, "price": "51341.32000000", "qty": "0.01845000", "quoteQty": "947.24735400", "time": 1633508232933, "isBuyerMaker": true, "isBestMatch": true}, {"id": 1081741072, "price": "51341.32000000", "qty": "0.01155000", "quoteQty": "592.99224600", "time": 1633508232933, "isBuyerMaker": true, "isBestMatch": true}, {"id": 1081741073, "price": "51341.32000000", "qty": "0.01000000", "quoteQty": "513.41320000", "time": 1633508232946, "isBuyerMaker": true, "isBestMatch": true}, {"id": 1081741074, "price": "51341.32000000", "qty": "0.00136000", "quoteQty": "69.82419520", "time": 1633508232962, "isBuyerMaker": true, "isBestMatch": true}, {"id": 1081741075, "price": "51341.32000000", "qty": "0.00021000", "quoteQty": "10.78167720", "time": 1633508232962, "isBuyerMaker": true, "isBestMatch": true}, {"id": 1081741076, "price": "51341.32000000", "qty": "0.00843000", "quoteQty": "432.80732760", "time": 1633508232962, "isBuyerMaker": true, "isBestMatch": true}, {"id": 1081741077, "price": "51341.32000000", "qty": "0.01000000", "quoteQty": "513.41320000", "time": 1633508232979, "isBuyerMaker": true, "isBestMatch": true}, {"id": 1081741078, "price": "51341.32000000", "qty": "0.02000000", "quoteQty": "1026.82640000", "time": 1633508232981, "isBuyerMaker": true, "isBestMatch": true}, {"id": 1081741079, "price": "51341.32000000", "qty": "0.02000000", "quoteQty": "1026.82640000", "time": 1633508232986, "isBuyerMaker": true, "isBestMatch": true}, {"id": 1081741080, "price": "51341.32000000", "qty": "0.01000000", "quoteQty": "513.41320000", "time": 1633508233009, "isBuyerMaker": true, "isBestMatch": true}, {"id": 1081741081, "price": "51341.33000000", "qty": "0.02833000", "quoteQty": "1454.49987890", "time": 1633508233182, "isBuyerMaker": false, "isBestMatch": true}, {"id": 1081741082, "price": "51341.32000000", "qty": "0.04249000", "quoteQty": "2181.49268680", "time": 1633508233186, "isBuyerMaker": true, "isBestMatch": true}, {"id": 1081741083, "price": "51341.32000000", "qty": "0.00771000", "quoteQty": "395.84157720", "time": 1633508233186, "isBuyerMaker": true, "isBestMatch": true}, {"id": 1081741084, "price": "51341.33000000", "qty": "0.01644000", "quoteQty": "844.05146520", "time": 1633508233195, "isBuyerMaker": false, "isBestMatch": true}, {"id": 1081741085, "price": "51341.33000000", "qty": "0.00020000", "quoteQty": "10.26826600", "time": 1633508233486, "isBuyerMaker": false, "isBestMatch": true}, {"id": 1081741086, "price": "51341.33000000", "qty": "0.00131000", "quoteQty": "67.25714230", "time": 1633508233486, "isBuyerMaker": false, "isBestMatch": true}, {"id": 1081741087, "price": "51341.32000000", "qty": "0.01077000", "quoteQty": "552.94601640", "time": 1633508233625, "isBuyerMaker": true, "isBestMatch": true}, {"id": 1081741088, "price": "51341.32000000", "qty": "0.05000000", "quoteQty": "2567.06600000", "time": 1633508233625, "isBuyerMaker": true, "isBestMatch": true}, {"id": 1081741089, "price": "51340.71000000", "qty": "0.00043000", "quoteQty": "22.07650530", "time": 1633508233827, "isBuyerMaker": false, "isBestMatch": true}, {"id": 1081741090, "price": "51340.70000000", "qty": "0.00194000", "quoteQty": "99.60095800", "time": 1633508233859, "isBuyerMaker": true, "isBestMatch": true}, {"id": 1081741091, "price": "51339.51000000", "qty": "0.00345000", "quoteQty": "177.12130950", "time": 1633508233859, "isBuyerMaker": true, "isBestMatch": true}, {"id": 1081741092, "price": "51339.50000000", "qty": "0.00850000", "quoteQty": "436.38575000", "time": 1633508233859, "isBuyerMaker": true, "isBestMatch": true}, {"id": 1081741093, "price": "51339.49000000", "qty": "0.00066000", "quoteQty": "33.88406340", "time": 1633508233859, "isBuyerMaker": true, "isBestMatch": true}, {"id": 1081741094, "price": "51336.73000000", "qty": "0.09736000", "quoteQty": "4998.14403280", "time": 1633508233862, "isBuyerMaker": true, "isBestMatch": true}, {"id": 1081741095, "price": "51334.96000000", "qty": "0.13970000", "quoteQty": "7171.49391200", "time": 1633508233862, "isBuyerMaker": true, "isBestMatch": true}, {"id": 1081741096, "price": "51334.96000000", "qty": "0.00648000", "quoteQty": "332.65054080", "time": 1633508233862, "isBuyerMaker": true, "isBestMatch": true}, {"id": 1081741097, "price": "51334.95000000", "qty": "0.08652000", "quoteQty": "4441.49987400", "time": 1633508233862, "isBuyerMaker": true, "isBestMatch": true}, {"id": 1081741098, "price": "51331.78000000", "qty": "0.09739000", "quoteQty": "4999.20205420", "time": 1633508233862, "isBuyerMaker": true, "isBestMatch": true}, {"id": 1081741099, "price": "51331.11000000", "qty": "0.07500000", "quoteQty": "3849.83325000", "time": 1633508233862, "isBuyerMaker": true, "isBestMatch": true}, {"id": 1081741100, "price": "51330.48000000", "qty": "0.02000000", "quoteQty": "1026.60960000", "time": 1633508233862, "isBuyerMaker": true, "isBestMatch": true}, {"id": 1081741101, "price": "51330.42000000", "qty": "0.14603000", "quoteQty": "7495.78123260", "time": 1633508233868, "isBuyerMaker": true, "isBestMatch": true}, {"id": 1081741102, "price": "51330.09000000", "qty": "0.02000000", "quoteQty": "1026.60180000", "time": 1633508233868, "isBuyerMaker": true, "isBestMatch": true}, {"id": 1081741103, "price": "51329.98000000", "qty": "0.04982000", "quoteQty": "2557.25960360", "time": 1633508233868, "isBuyerMaker": true, "isBestMatch": true}, {"id": 1081741104, "price": "51330.46000000", "qty": "0.26000000", "quoteQty": "13345.91960000", "time": 1633508233870, "isBuyerMaker": true, "isBestMatch": true}, {"id": 1081741105, "price": "51329.98000000", "qty": "0.02898000", "quoteQty": "1487.54282040", "time": 1633508233870, "isBuyerMaker": true, "isBestMatch": true}, {"id": 1081741106, "price": "51329.98000000", "qty": "0.00415000", "quoteQty": "213.01941700", "time": 1633508233871, "isBuyerMaker": true, "isBestMatch": true}, {"id": 1081741107, "price": "51329.97000000", "qty": "0.09646000", "quoteQty": "4951.28890620", "time": 1633508233871, "isBuyerMaker": true, "isBestMatch": true}, {"id": 1081741108, "price": "51328.50000000", "qty": "0.11549000", "quoteQty": "5927.92846500", "time": 1633508233877, "isBuyerMaker": true, "isBestMatch": true}, {"id": 1081741109, "price": "51328.50000000", "qty": "0.12610000", "quoteQty": "6472.52385000", "time": 1633508233881, "isBuyerMaker": true, "isBestMatch": true}, {"id": 1081741110, "price": "51328.49000000", "qty": "0.02000000", "quoteQty": "1026.56980000", "time": 1633508233881, "isBuyerMaker": true, "isBestMatch": true}, {"id": 1081741111, "price": "51328.48000000", "qty": "0.11092000", "quoteQty": "5693.35500160", "time": 1633508233881, "isBuyerMaker": true, "isBestMatch": true}, {"id": 1081741112, "price": "51328.16000000", "qty": "0.00197000", "quoteQty": "101.11647520", "time": 1633508233881, "isBuyerMaker": true, "isBestMatch": true}, {"id": 1081741113, "price": "51328.13000000", "qty": "0.02000000", "quoteQty": "1026.56260000", "time": 1633508233881, "isBuyerMaker": true, "isBestMatch": true}, {"id": 1081741114, "price": "51327.52000000", "qty": "0.06955000", "quoteQty": "3569.82901600", "time": 1633508233881, "isBuyerMaker": true, "isBestMatch": true}, {"id": 1081741115, "price": "51326.29000000", "qty": "0.04000000", "quoteQty": "2053.05160000", "time": 1633508233881, "isBuyerMaker": true, "isBestMatch": true}, {"id": 1081741116, "price": "51326.16000000", "qty": "0.04000000", "quoteQty": "2053.04640000", "time": 1633508233881, "isBuyerMaker": true, "isBestMatch": true}, {"id": 1081741117, "price": "51325.11000000", "qty": "0.06872000", "quoteQty": "3527.06155920", "time": 1633508233881, "isBuyerMaker": true, "isBestMatch": true}, {"id": 1081741118, "price": "51325.11000000", "qty": "0.01423000", "quoteQty": "730.35631530", "time": 1633508233883, "isBuyerMaker": true, "isBestMatch": true}, {"id": 1081741119, "price": "51325.10000000", "qty": "0.17140000", "quoteQty": "8797.12214000", "time": 1633508233883, "isBuyerMaker": true, "isBestMatch": true}, {"id": 1081741120, "price": "51324.99000000", "qty": "0.00253000", "quoteQty": "129.85222470", "time": 1633508233883, "isBuyerMaker": true, "isBestMatch": true}, {"id": 1081741121, "price": "51323.63000000", "qty": "0.00800000", "quoteQty": "410.58904000", "time": 1633508233925, "isBuyerMaker": true, "isBestMatch": true}, {"id": 1081741122, "price": "51323.62000000", "qty": "0.00027000", "quoteQty": "13.85737740", "time": 1633508233925, "isBuyerMaker": true, "isBestMatch": true}, {"id": 1081741123, "price": "51323.61000000", "qty": "0.00519000", "quoteQty": "266.36953590", "time": 1633508233925, "isBuyerMaker": true, "isBestMatch": true}, {"id": 1081741124, "price": "51323.61000000", "qty": "0.00065000", "quoteQty": "33.36034650", "time": 1633508233935, "isBuyerMaker": true, "isBestMatch": true}, {"id": 1081741125, "price": "51323.60000000", "qty": "0.00435000", "quoteQty": "223.25766000", "time": 1633508233941, "isBuyerMaker": true, "isBestMatch": true}, {"id": 1081741126, "price": "51322.74000000", "qty": "0.00074000", "quoteQty": "37.97882760", "time": 1633508233941, "isBuyerMaker": true, "isBestMatch": true}, {"id": 1081741127, "price": "51321.59000000", "qty": "0.00275000", "quoteQty": "141.13437250", "time": 1633508234024, "isBuyerMaker": false, "isBestMatch": true}, {"id": 1081741128, "price": "51320.00000000", "qty": "0.00053000", "quoteQty": "27.19960000", "time": 1633508234179, "isBuyerMaker": true, "isBestMatch": true}, {"id": 1081741129, "price": "51319.01000000", "qty": "0.00197000", "quoteQty": "101.09844970", "time": 1633508234179, "isBuyerMaker": true, "isBestMatch": true}, {"id": 1081741130, "price": "51318.82000000", "qty": "0.00046000", "quoteQty": "23.60665720", "time": 1633508234179, "isBuyerMaker": true, "isBestMatch": true}, {"id": 1081741131, "price": "51317.09000000", "qty": "0.00030000", "quoteQty": "15.39512700", "time": 1633508234179, "isBuyerMaker": true, "isBestMatch": true}, {"id": 1081741132, "price": "51319.02000000", "qty": "0.02961000", "quoteQty": "1519.55618220", "time": 1633508234186, "isBuyerMaker": false, "isBestMatch": true}, {"id": 1081741133, "price": "51317.10000000", "qty": "0.00075000", "quoteQty": "38.48782500", "time": 1633508234215, "isBuyerMaker": false, "isBestMatch": true}, {"id": 1081741134, "price": "51317.09000000", "qty": "0.00034000", "quoteQty": "17.44781060", "time": 1633508234232, "isBuyerMaker": true, "isBestMatch": true}, {"id": 1081741135, "price": "51317.10000000", "qty": "0.01983000", "quoteQty": "1017.61809300", "time": 1633508234328, "isBuyerMaker": false, "isBestMatch": true}, {"id": 1081741136, "price": "51317.10000000", "qty": "0.02552000", "quoteQty": "1309.61239200", "time": 1633508234347, "isBuyerMaker": false, "isBestMatch": true}, {"id": 1081741137, "price": "51317.09000000", "qty": "0.00163000", "quoteQty": "83.64685670", "time": 1633508234397, "isBuyerMaker": true, "isBestMatch": true}, {"id": 1081741138, "price": "51317.10000000", "qty": "0.00213000", "quoteQty": "109.30542300", "time": 1633508234439, "isBuyerMaker": false, "isBestMatch": true}, {"id": 1081741139, "price": "51317.10000000", "qty": "0.00388000", "quoteQty": "199.11034800", "time": 1633508234491, "isBuyerMaker": false, "isBestMatch": true}, {"id": 1081741140, "price": "51317.10000000", "qty": "0.00030000", "quoteQty": "15.39513000", "time": 1633508234526, "isBuyerMaker": false, "isBestMatch": true}, {"id": 1081741141, "price": "51317.09000000", "qty": "0.00106000", "quoteQty": "54.39611540", "time": 1633508234570, "isBuyerMaker": true, "isBestMatch": true}, {"id": 1081741142, "price": "51317.10000000", "qty": "0.00032000", "quoteQty": "16.42147200", "time": 1633508234592, "isBuyerMaker": false, "isBestMatch": true}, {"id": 1081741143, "price": "51317.10000000", "qty": "0.00202000", "quoteQty": "103.66054200", "time": 1633508234645, "isBuyerMaker": false, "isBestMatch": true}, {"id": 1081741144, "price": "51317.10000000", "qty": "0.00171000", "quoteQty": "87.75224100", "time": 1633508234648, "isBuyerMaker": false, "isBestMatch": true}, {"id": 1081741145, "price": "51317.10000000", "qty": "0.00171000", "quoteQty": "87.75224100", "time": 1633508234650, "isBuyerMaker": false, "isBestMatch": true}, {"id": 1081741146, "price": "51317.10000000", "qty": "0.00111000", "quoteQty": "56.96198100", "time": 1633508234652, "isBuyerMaker": false, "isBestMatch": true}, {"id": 1081741147, "price": "51317.10000000", "qty": "0.00077000", "quoteQty": "39.51416700", "time": 1633508234692, "isBuyerMaker": false, "isBestMatch": true}, {"id": 1081741148, "price": "51317.10000000", "qty": "0.00032000", "quoteQty": "16.42147200", "time": 1633508234694, "isBuyerMaker": false, "isBestMatch": true}, {"id": 1081741149, "price": "51317.10000000", "qty": "0.00047000", "quoteQty": "24.11903700", "time": 1633508234703, "isBuyerMaker": false, "isBestMatch": true}, {"id": 1081741150, "price": "51317.10000000", "qty": "0.00032000", "quoteQty": "16.42147200", "time": 1633508234744, "isBuyerMaker": false, "isBestMatch": true}, {"id": 1081741151, "price": "51317.10000000", "qty": "0.00136000", "quoteQty": "69.79125600", "time": 1633508234791, "isBuyerMaker": false, "isBestMatch": true}, {"id": 1081741152, "price": "51317.10000000", "qty": "0.00125000", "quoteQty": "64.14637500", "time": 1633508234844, "isBuyerMaker": false, "isBestMatch": true}, {"id": 1081741153, "price": "51317.10000000", "qty": "0.18953000", "quoteQty": "9726.12996300", "time": 1633508234930, "isBuyerMaker": false, "isBestMatch": true}, {"id": 1081741154, "price": "51317.10000000", "qty": "0.00039000", "quoteQty": "20.01366900", "time": 1633508234992, "isBuyerMaker": false, "isBestMatch": true}, {"id": 1081741155, "price": "51317.10000000", "qty": "0.00112000", "quoteQty": "57.47515200", "time": 1633508234992, "isBuyerMaker": false, "isBestMatch": true}, {"id": 1081741156, "price": "51317.10000000", "qty": "0.09631000", "quoteQty": "4942.34990100", "time": 1633508235032, "isBuyerMaker": false, "isBestMatch": true}, {"id": 1081741157, "price": "51317.10000000", "qty": "0.10172000", "quoteQty": "5219.97541200", "time": 1633508235032, "isBuyerMaker": false, "isBestMatch": true}, {"id": 1081741158, "price": "51319.99000000", "qty": "0.00169000", "quoteQty": "86.73078310", "time": 1633508235102, "isBuyerMaker": true, "isBestMatch": true}, {"id": 1081741159, "price": "51325.24000000", "qty": "0.00027000", "quoteQty": "13.85781480", "time": 1633508235111, "isBuyerMaker": false, "isBestMatch": true}, {"id": 1081741160, "price": "51319.99000000", "qty": "0.00020000", "quoteQty": "10.26399800", "time": 1633508235155, "isBuyerMaker": true, "isBestMatch": true}, {"id": 1081741161, "price": "51320.99000000", "qty": "0.00304000", "quoteQty": "156.01580960", "time": 1633508235336, "isBuyerMaker": true, "isBestMatch": true}, {"id": 1081741162, "price": "51321.00000000", "qty": "0.01642000", "quoteQty": "842.69082000", "time": 1633508235348, "isBuyerMaker": false, "isBestMatch": true}, {"id": 1081741163, "price": "51321.00000000", "qty": "0.00635000", "quoteQty": "325.88835000", "time": 1633508235471, "isBuyerMaker": false, "isBestMatch": true}, {"id": 1081741164, "price": "51321.81000000", "qty": "0.10787000", "quoteQty": "5536.08364470", "time": 1633508235471, "isBuyerMaker": false, "isBestMatch": true}, {"id": 1081741165, "price": "51321.80000000", "qty": "0.00355000", "quoteQty": "182.19239000", "time": 1633508235540, "isBuyerMaker": true, "isBestMatch": true}, {"id": 1081741166, "price": "51321.80000000", "qty": "0.19990000", "quoteQty": "10259.22782000", "time": 1633508235579, "isBuyerMaker": true, "isBestMatch": true}, {"id": 1081741167, "price": "51321.80000000", "qty": "0.12000000", "quoteQty": "6158.61600000", "time": 1633508235579, "isBuyerMaker": true, "isBestMatch": true}, {"id": 1081741168, "price": "51321.80000000", "qty": "0.00355000", "quoteQty": "182.19239000", "time": 1633508235579, "isBuyerMaker": true, "isBestMatch": true}, {"id": 1081741169, "price": "51321.80000000", "qty": "0.01200000", "quoteQty": "615.86160000", "time": 1633508235579, "isBuyerMaker": true, "isBestMatch": true}, {"id": 1081741170, "price": "51320.99000000", "qty": "0.20345000", "quoteQty": "10441.25541550", "time": 1633508235579, "isBuyerMaker": true, "isBestMatch": true}, {"id": 1081741171, "price": "51317.44000000", "qty": "0.52421000", "quoteQty": "26901.11522240", "time": 1633508235579, "isBuyerMaker": true, "isBestMatch": true}, {"id": 1081741172, "price": "51317.09000000", "qty": "0.10000000", "quoteQty": "5131.70900000", "time": 1633508235579, "isBuyerMaker": true, "isBestMatch": true}, {"id": 1081741173, "price": "51317.08000000", "qty": "0.01366000", "quoteQty": "700.99131280", "time": 1633508235579, "isBuyerMaker": true, "isBestMatch": true}, {"id": 1081741174, "price": "51316.67000000", "qty": "0.36477000", "quoteQty": "18718.78171590", "time": 1633508235579, "isBuyerMaker": true, "isBestMatch": true}, {"id": 1081741175, "price": "51316.69000000", "qty": "0.02996000", "quoteQty": "1537.44803240", "time": 1633508235690, "isBuyerMaker": false, "isBestMatch": true}, {"id": 1081741176, "price": "51316.69000000", "qty": "0.00029000", "quoteQty": "14.88184010", "time": 1633508235705, "isBuyerMaker": false, "isBestMatch": true}, {"id": 1081741177, "price": "51316.69000000", "qty": "0.01264000", "quoteQty": "648.64296160", "time": 1633508235784, "isBuyerMaker": false, "isBestMatch": true}, {"id": 1081741178, "price": "51316.69000000", "qty": "0.02780000", "quoteQty": "1426.60398200", "time": 1633508235841, "isBuyerMaker": false, "isBestMatch": true}, {"id": 1081741179, "price": "51316.68000000", "qty": "0.00068000", "quoteQty": "34.89534240", "time": 1633508235911, "isBuyerMaker": true, "isBestMatch": true}, {"id": 1081741180, "price": "51316.68000000", "qty": "0.00067000", "quoteQty": "34.38217560", "time": 1633508235938, "isBuyerMaker": true, "isBestMatch": true}, {"id": 1081741181, "price": "51316.69000000", "qty": "0.00151000", "quoteQty": "77.48820190", "time": 1633508236088, "isBuyerMaker": false, "isBestMatch": true}, {"id": 1081741182, "price": "51316.68000000", "qty": "0.01133000", "quoteQty": "581.41798440", "time": 1633508236119, "isBuyerMaker": true, "isBestMatch": true}, {"id": 1081741183, "price": "51316.67000000", "qty": "0.10477000", "quoteQty": "5376.44751590", "time": 1633508236119, "isBuyerMaker": true, "isBestMatch": true}, {"id": 1081741184, "price": "51316.69000000", "qty": "0.01169000", "quoteQty": "599.89210610", "time": 1633508236145, "isBuyerMaker": false, "isBestMatch": true}, {"id": 1081741185, "price": "51316.69000000", "qty": "0.01133000", "quoteQty": "581.41809770", "time": 1633508236149, "isBuyerMaker": false, "isBestMatch": true}, {"id": 1081741186, "price": "51316.69000000", "qty": "0.00202000", "quoteQty": "103.65971380", "time": 1633508236151, "isBuyerMaker": false, "isBestMatch": true}, {"id": 1081741187, "price": "51316.69000000", "qty": "0.00967000", "quoteQty": "496.23239230", "time": 1633508236151, "isBuyerMaker": false, "isBestMatch": true}, {"id": 1081741188, "price": "51316.69000000", "qty": "0.01023000", "quoteQty": "524.96973870", "time": 1633508236151, "isBuyerMaker": false, "isBestMatch": true}, {"id": 1081741189, "price": "51320.16000000", "qty": "0.01759000", "quoteQty": "902.72161440", "time": 1633508236151, "isBuyerMaker": false, "isBestMatch": true}, {"id": 1081741190, "price": "51320.17000000", "qty": "0.01000000", "quoteQty": "513.20170000", "time": 1633508236151, "isBuyerMaker": false, "isBestMatch": true}, {"id": 1081741191, "price": "51321.00000000", "qty": "0.02000000", "quoteQty": "1026.42000000", "time": 1633508236151, "isBuyerMaker": false, "isBestMatch": true}, {"id": 1081741192, "price": "51321.00000000", "qty": "0.02000000", "quoteQty": "1026.42000000", "time": 1633508236151, "isBuyerMaker": false, "isBestMatch": true}, {"id": 1081741193, "price": "51321.30000000", "qty": "0.08676000", "quoteQty": "4452.63598800", "time": 1633508236151, "isBuyerMaker": false, "isBestMatch": true}, {"id": 1081741194, "price": "51321.31000000", "qty": "0.23500000", "quoteQty": "12060.50785000", "time": 1633508236151, "isBuyerMaker": false, "isBestMatch": true}, {"id": 1081741195, "price": "51321.99000000", "qty": "0.00268000", "quoteQty": "137.54293320", "time": 1633508236151, "isBuyerMaker": false, "isBestMatch": true}, {"id": 1081741196, "price": "51322.00000000", "qty": "0.02000000", "quoteQty": "1026.44000000", "time": 1633508236151, "isBuyerMaker": false, "isBestMatch": true}, {"id": 1081741197, "price": "51323.45000000", "qty": "0.02000000", "quoteQty": "1026.46900000", "time": 1633508236151, "isBuyerMaker": false, "isBestMatch": true}, {"id": 1081741198, "price": "51324.00000000", "qty": "0.04000000", "quoteQty": "2052.96000000", "time": 1633508236151, "isBuyerMaker": false, "isBestMatch": true}, {"id": 1081741199, "price": "51324.89000000", "qty": "0.31819000", "quoteQty": "16331.06674910", "time": 1633508236151, "isBuyerMaker": false, "isBestMatch": true}, {"id": 1081741200, "price": "51324.90000000", "qty": "0.01473000", "quoteQty": "756.01577700", "time": 1633508236151, "isBuyerMaker": false, "isBestMatch": true}, {"id": 1081741201, "price": "51316.68000000", "qty": "0.00117000", "quoteQty": "60.04051560", "time": 1633508236179, "isBuyerMaker": true, "isBestMatch": true}, {"id": 1081741202, "price": "51323.69000000", "qty": "0.09751000", "quoteQty": "5004.57301190", "time": 1633508236197, "isBuyerMaker": false, "isBestMatch": true}, {"id": 1081741203, "price": "51323.69000000", "qty": "0.01187000", "quoteQty": "609.21220030", "time": 1633508236219, "isBuyerMaker": false, "isBestMatch": true}, {"id": 1081741204, "price": "51323.69000000", "qty": "0.00202000", "quoteQty": "103.67385380", "time": 1633508236342, "isBuyerMaker": false, "isBestMatch": true}, {"id": 1081741205, "price": "51323.68000000", "qty": "0.20345000", "quoteQty": "10441.80269600", "time": 1633508236427, "isBuyerMaker": true, "isBestMatch": true}, {"id": 1081741206, "price": "51323.68000000", "qty": "0.20345000", "quoteQty": "10441.80269600", "time": 1633508236446, "isBuyerMaker": true, "isBestMatch": true}, {"id": 1081741207, "price": "51323.69000000", "qty": "0.00284000", "quoteQty": "145.75927960", "time": 1633508236488, "isBuyerMaker": false, "isBestMatch": true}, {"id": 1081741208, "price": "51323.69000000", "qty": "0.00031000", "quoteQty": "15.91034390", "time": 1633508236535, "isBuyerMaker": false, "isBestMatch": true}, {"id": 1081741209, "price": "51323.69000000", "qty": "0.00151000", "quoteQty": "77.49877190", "time": 1633508236789, "isBuyerMaker": false, "isBestMatch": true}, {"id": 1081741210, "price": "51323.69000000", "qty": "0.00040000", "quoteQty": "20.52947600", "time": 1633508236897, "isBuyerMaker": false, "isBestMatch": true}, {"id": 1081741211, "price": "51323.68000000", "qty": "0.00186000", "quoteQty": "95.46204480", "time": 1633508237072, "isBuyerMaker": true, "isBestMatch": true}, {"id": 1081741212, "price": "51323.68000000", "qty": "0.01524000", "quoteQty": "782.17288320", "time": 1633508237315, "isBuyerMaker": true, "isBestMatch": true}, {"id": 1081741213, "price": "51323.69000000", "qty": "0.04775000", "quoteQty": "2450.70619750", "time": 1633508237336, "isBuyerMaker": false, "isBestMatch": true}, {"id": 1081741214, "price": "51323.69000000", "qty": "0.04655000", "quoteQty": "2389.11776950", "time": 1633508237384, "isBuyerMaker": false, "isBestMatch": true}, {"id": 1081741215, "price": "51323.69000000", "qty": "0.05012000", "quoteQty": "2572.34334280", "time": 1633508237437, "isBuyerMaker": false, "isBestMatch": true}, {"id": 1081741216, "price": "51323.69000000", "qty": "0.00729000", "quoteQty": "374.14970010", "time": 1633508237442, "isBuyerMaker": false, "isBestMatch": true}, {"id": 1081741217, "price": "51323.69000000", "qty": "0.00039000", "quoteQty": "20.01623910", "time": 1633508237479, "isBuyerMaker": false, "isBestMatch": true}, {"id": 1081741218, "price": "51323.69000000", "qty": "0.00124000", "quoteQty": "63.64137560", "time": 1633508238090, "isBuyerMaker": false, "isBestMatch": true}, {"id": 1081741219, "price": "51323.68000000", "qty": "0.00603000", "quoteQty": "309.48179040", "time": 1633508238241, "isBuyerMaker": true, "isBestMatch": true}, {"id": 1081741220, "price": "51323.68000000", "qty": "0.01357000", "quoteQty": "696.46233760", "time": 1633508238301, "isBuyerMaker": true, "isBestMatch": true}, {"id": 1081741221, "price": "51323.69000000", "qty": "0.00022000", "quoteQty": "11.29121180", "time": 1633508238323, "isBuyerMaker": false, "isBestMatch": true}, {"id": 1081741222, "price": "51323.69000000", "qty": "0.00304000", "quoteQty": "156.02401760", "time": 1633508238888, "isBuyerMaker": false, "isBestMatch": true}, {"id": 1081741223, "price": "51323.69000000", "qty": "0.04543000", "quoteQty": "2331.63523670", "time": 1633508238931, "isBuyerMaker": false, "isBestMatch": true}, {"id": 1081741224, "price": "51323.69000000", "qty": "0.00026000", "quoteQty": "13.34415940", "time": 1633508238931, "isBuyerMaker": false, "isBestMatch": true}, {"id": 1081741225, "price": "51323.69000000", "qty": "0.01961000", "quoteQty": "1006.45756090", "time": 1633508238931, "isBuyerMaker": false, "isBestMatch": true}, {"id": 1081741226, "price": "51323.69000000", "qty": "0.00020000", "quoteQty": "10.26473800", "time": 1633508238931, "isBuyerMaker": false, "isBestMatch": true}, {"id": 1081741227, "price": "51323.69000000", "qty": "0.00022000", "quoteQty": "11.29121180", "time": 1633508238931, "isBuyerMaker": false, "isBestMatch": true}, {"id": 1081741228, "price": "51323.69000000", "qty": "0.00105000", "quoteQty": "53.88987450", "time": 1633508238931, "isBuyerMaker": false, "isBestMatch": true}, {"id": 1081741229, "price": "51323.69000000", "qty": "0.00136000", "quoteQty": "69.80021840", "time": 1633508238931, "isBuyerMaker": false, "isBestMatch": true}, {"id": 1081741230, "price": "51323.69000000", "qty": "0.00116000", "quoteQty": "59.53548040", "time": 1633508238931, "isBuyerMaker": false, "isBestMatch": true}, {"id": 1081741231, "price": "51323.69000000", "qty": "0.00023000", "quoteQty": "11.80444870", "time": 1633508238931, "isBuyerMaker": false, "isBestMatch": true}, {"id": 1081741232, "price": "51323.69000000", "qty": "0.00028000", "quoteQty": "14.37063320", "time": 1633508238931, "isBuyerMaker": false, "isBestMatch": true}, {"id": 1081741233, "price": "51323.69000000", "qty": "0.00068000", "quoteQty": "34.90010920", "time": 1633508238931, "isBuyerMaker": false, "isBestMatch": true}, {"id": 1081741234, "price": "51323.69000000", "qty": "0.00028000", "quoteQty": "14.37063320", "time": 1633508238931, "isBuyerMaker": false, "isBestMatch": true}, {"id": 1081741235, "price": "51323.69000000", "qty": "0.00864000", "quoteQty": "443.43668160", "time": 1633508238931, "isBuyerMaker": false, "isBestMatch": true}, {"id": 1081741236, "price": "51323.69000000", "qty": "0.04233000", "quoteQty": "2172.53179770", "time": 1633508238931, "isBuyerMaker": false, "isBestMatch": true}, {"id": 1081741237, "price": "51323.69000000", "qty": "0.00297000", "quoteQty": "152.43135930", "time": 1633508238989, "isBuyerMaker": false, "isBestMatch": true}, {"id": 1081741238, "price": "51323.69000000", "qty": "0.00470000", "quoteQty": "241.22134300", "time": 1633508239035, "isBuyerMaker": false, "isBestMatch": true}, {"id": 1081741239, "price": "51323.69000000", "qty": "0.00277000", "quoteQty": "142.16662130", "time": 1633508239035, "isBuyerMaker": false, "isBestMatch": true}, {"id": 1081741240, "price": "51323.69000000", "qty": "0.00048000", "quoteQty": "24.63537120", "time": 1633508239035, "isBuyerMaker": false, "isBestMatch": true}, {"id": 1081741241, "price": "51323.69000000", "qty": "0.00025000", "quoteQty": "12.83092250", "time": 1633508239035, "isBuyerMaker": false, "isBestMatch": true}, {"id": 1081741242, "price": "51323.69000000", "qty": "0.00023000", "quoteQty": "11.80444870", "time": 1633508239035, "isBuyerMaker": false, "isBestMatch": true}, {"id": 1081741243, "price": "51323.69000000", "qty": "0.00056000", "quoteQty": "28.74126640", "time": 1633508239035, "isBuyerMaker": false, "isBestMatch": true}, {"id": 1081741244, "price": "51323.69000000", "qty": "0.00021000", "quoteQty": "10.77797490", "time": 1633508239035, "isBuyerMaker": false, "isBestMatch": true}, {"id": 1081741245, "price": "51323.69000000", "qty": "0.00026000", "quoteQty": "13.34415940", "time": 1633508239035, "isBuyerMaker": false, "isBestMatch": true}, {"id": 1081741246, "price": "51323.69000000", "qty": "0.00024000", "quoteQty": "12.31768560", "time": 1633508239035, "isBuyerMaker": false, "isBestMatch": true}, {"id": 1081741247, "price": "51323.69000000", "qty": "0.00021000", "quoteQty": "10.77797490", "time": 1633508239035, "isBuyerMaker": false, "isBestMatch": true}, {"id": 1081741248, "price": "51323.69000000", "qty": "0.00023000", "quoteQty": "11.80444870", "time": 1633508239035, "isBuyerMaker": false, "isBestMatch": true}, {"id": 1081741249, "price": "51323.69000000", "qty": "0.00037000", "quoteQty": "18.98976530", "time": 1633508239035, "isBuyerMaker": false, "isBestMatch": true}, {"id": 1081741250, "price": "51323.69000000", "qty": "0.00028000", "quoteQty": "14.37063320", "time": 1633508239035, "isBuyerMaker": false, "isBestMatch": true}, {"id": 1081741251, "price": "51323.69000000", "qty": "0.00089000", "quoteQty": "45.67808410", "time": 1633508239035, "isBuyerMaker": false, "isBestMatch": true}, {"id": 1081741252, "price": "51323.69000000", "qty": "0.00057000", "quoteQty": "29.25450330", "time": 1633508239035, "isBuyerMaker": false, "isBestMatch": true}, {"id": 1081741253, "price": "51323.69000000", "qty": "0.00023000", "quoteQty": "11.80444870", "time": 1633508239035, "isBuyerMaker": false, "isBestMatch": true}, {"id": 1081741254, "price": "51323.69000000", "qty": "0.00448000", "quoteQty": "229.93013120", "time": 1633508239035, "isBuyerMaker": false, "isBestMatch": true}, {"id": 1081741255, "price": "51323.69000000", "qty": "0.00050000", "quoteQty": "25.66184500", "time": 1633508239035, "isBuyerMaker": false, "isBestMatch": true}, {"id": 1081741256, "price": "51323.69000000", "qty": "0.00100000", "quoteQty": "51.32369000", "time": 1633508239078, "isBuyerMaker": false, "isBestMatch": true}, {"id": 1081741257, "price": "51323.69000000", "qty": "0.00023000", "quoteQty": "11.80444870", "time": 1633508239078, "isBuyerMaker": false, "isBestMatch": true}, {"id": 1081741258, "price": "51323.69000000", "qty": "0.00028000", "quoteQty": "14.37063320", "time": 1633508239078, "isBuyerMaker": false, "isBestMatch": true}, {"id": 1081741259, "price": "51323.69000000", "qty": "0.00028000", "quoteQty": "14.37063320", "time": 1633508239078, "isBuyerMaker": false, "isBestMatch": true}, {"id": 1081741260, "price": "51323.69000000", "qty": "0.00118000", "quoteQty": "60.56195420", "time": 1633508239078, "isBuyerMaker": false, "isBestMatch": true}, {"id": 1081741261, "price": "51323.69000000", "qty": "0.00091000", "quoteQty": "46.70455790", "time": 1633508239078, "isBuyerMaker": false, "isBestMatch": true}, {"id": 1081741262, "price": "51323.69000000", "qty": "0.00043000", "quoteQty": "22.06918670", "time": 1633508239082, "isBuyerMaker": false, "isBestMatch": true}, {"id": 1081741263, "price": "51329.00000000", "qty": "0.00151000", "quoteQty": "77.50679000", "time": 1633508239082, "isBuyerMaker": false, "isBestMatch": true}, {"id": 1081741264, "price": "51329.00000000", "qty": "0.00208000", "quoteQty": "106.76432000", "time": 1633508239092, "isBuyerMaker": false, "isBestMatch": true}, {"id": 1081741265, "price": "51328.99000000", "qty": "0.00027000", "quoteQty": "13.85882730", "time": 1633508239114, "isBuyerMaker": true, "isBestMatch": true}, {"id": 1081741266, "price": "51328.99000000", "qty": "0.00042000", "quoteQty": "21.55817580", "time": 1633508239136, "isBuyerMaker": true, "isBestMatch": true}, {"id": 1081741267, "price": "51328.99000000", "qty": "0.00217000", "quoteQty": "111.38390830", "time": 1633508239266, "isBuyerMaker": true, "isBestMatch": true}, {"id": 1081741268, "price": "51329.00000000", "qty": "0.01426000", "quoteQty": "731.95154000", "time": 1633508239736, "isBuyerMaker": false, "isBestMatch": true}, {"id": 1081741269, "price": "51329.00000000", "qty": "0.00150000", "quoteQty": "76.99350000", "time": 1633508239851, "isBuyerMaker": false, "isBestMatch": true}, {"id": 1081741270, "price": "51328.99000000", "qty": "0.22090000", "quoteQty": "11338.57389100", "time": 1633508239998, "isBuyerMaker": true, "isBestMatch": true}, {"id": 1081741271, "price": "51328.99000000", "qty": "0.10750000", "quoteQty": "5517.86642500", "time": 1633508240013, "isBuyerMaker": true, "isBestMatch": true}, {"id": 1081741272, "price": "51328.99000000", "qty": "0.00495000", "quoteQty": "254.07850050", "time": 1633508240013, "isBuyerMaker": true, "isBestMatch": true}, {"id": 1081741273, "price": "51328.99000000", "qty": "0.03500000", "quoteQty": "1796.51465000", "time": 1633508240021, "isBuyerMaker": true, "isBestMatch": true}, {"id": 1081741274, "price": "51328.99000000", "qty": "0.02848000", "quoteQty": "1461.84963520", "time": 1633508240021, "isBuyerMaker": true, "isBestMatch": true}, {"id": 1081741275, "price": "51328.99000000", "qty": "0.04869000", "quoteQty": "2499.20852310", "time": 1633508240021, "isBuyerMaker": true, "isBestMatch": true}, {"id": 1081741276, "price": "51328.99000000", "qty": "0.02500000", "quoteQty": "1283.22475000", "time": 1633508240021, "isBuyerMaker": true, "isBestMatch": true}, {"id": 1081741277, "price": "51328.99000000", "qty": "0.10000000", "quoteQty": "5132.89900000", "time": 1633508240021, "isBuyerMaker": true, "isBestMatch": true}, {"id": 1081741278, "price": "51328.98000000", "qty": "0.09737000", "quoteQty": "4997.90278260", "time": 1633508240026, "isBuyerMaker": true, "isBestMatch": true}, {"id": 1081741279, "price": "51328.94000000", "qty": "0.00041000", "quoteQty": "21.04486540", "time": 1633508240026, "isBuyerMaker": true, "isBestMatch": true}, {"id": 1081741280, "price": "51326.50000000", "qty": "0.05120000", "quoteQty": "2627.91680000", "time": 1633508240034, "isBuyerMaker": true, "isBestMatch": true}, {"id": 1081741281, "price": "51326.49000000", "qty": "0.00680000", "quoteQty": "349.02013200", "time": 1633508240034, "isBuyerMaker": true, "isBestMatch": true}, {"id": 1081741282, "price": "51326.49000000", "qty": "0.13925000", "quoteQty": "7147.21373250", "time": 1633508240037, "isBuyerMaker": true, "isBestMatch": true}, {"id": 1081741283, "price": "51325.38000000", "qty": "0.03915000", "quoteQty": "2009.38862700", "time": 1633508240037, "isBuyerMaker": true, "isBestMatch": true}, {"id": 1081741284, "price": "51324.72000000", "qty": "0.26000000", "quoteQty": "13344.42720000", "time": 1633508240037, "isBuyerMaker": true, "isBestMatch": true}, {"id": 1081741285, "price": "51323.68000000", "qty": "0.00358000", "quoteQty": "183.73877440", "time": 1633508240038, "isBuyerMaker": true, "isBestMatch": true}, {"id": 1081741286, "price": "51321.81000000", "qty": "0.02000000", "quoteQty": "1026.43620000", "time": 1633508240038, "isBuyerMaker": true, "isBestMatch": true}, {"id": 1081741287, "price": "51318.55000000", "qty": "0.03442000", "quoteQty": "1766.38449100", "time": 1633508240038, "isBuyerMaker": true, "isBestMatch": true}, {"id": 1081741288, "price": "51318.57000000", "qty": "0.05800000", "quoteQty": "2976.47706000", "time": 1633508240041, "isBuyerMaker": true, "isBestMatch": true}, {"id": 1081741289, "price": "51318.57000000", "qty": "0.26000000", "quoteQty": "13342.82820000", "time": 1633508240084, "isBuyerMaker": true, "isBestMatch": true}, {"id": 1081741290, "price": "51318.55000000", "qty": "0.04076000", "quoteQty": "2091.74409800", "time": 1633508240084, "isBuyerMaker": true, "isBestMatch": true}, {"id": 1081741291, "price": "51316.69000000", "qty": "0.05800000", "quoteQty": "2976.36802000", "time": 1633508240089, "isBuyerMaker": true, "isBestMatch": true}, {"id": 1081741292, "price": "51318.58000000", "qty": "0.00684000", "quoteQty": "351.01908720", "time": 1633508240091, "isBuyerMaker": false, "isBestMatch": true}, {"id": 1081741293, "price": "51316.69000000", "qty": "0.05800000", "quoteQty": "2976.36802000", "time": 1633508240097, "isBuyerMaker": true, "isBestMatch": true}, {"id": 1081741294, "price": "51316.68000000", "qty": "0.05277000", "quoteQty": "2707.98120360", "time": 1633508240106, "isBuyerMaker": true, "isBestMatch": true}, {"id": 1081741295, "price": "51315.14000000", "qty": "0.00523000", "quoteQty": "268.37818220", "time": 1633508240106, "isBuyerMaker": true, "isBestMatch": true}, {"id": 1081741296, "price": "51314.04000000", "qty": "0.00115000", "quoteQty": "59.01114600", "time": 1633508240148, "isBuyerMaker": false, "isBestMatch": true}, {"id": 1081741297, "price": "51314.04000000", "qty": "0.03378000", "quoteQty": "1733.38827120", "time": 1633508240204, "isBuyerMaker": false, "isBestMatch": true}, {"id": 1081741298, "price": "51314.03000000", "qty": "0.01000000", "quoteQty": "513.14030000", "time": 1633508240281, "isBuyerMaker": true, "isBestMatch": true}, {"id": 1081741299, "price": "51310.38000000", "qty": "0.00095000", "quoteQty": "48.74486100", "time": 1633508240289, "isBuyerMaker": false, "isBestMatch": true}, {"id": 1081741300, "price": "51310.37000000", "qty": "0.09741000", "quoteQty": "4998.14314170", "time": 1633508240335, "isBuyerMaker": true, "isBestMatch": true}, {"id": 1081741301, "price": "51306.69000000", "qty": "0.10000000", "quoteQty": "5130.66900000", "time": 1633508240335, "isBuyerMaker": true, "isBestMatch": true}, {"id": 1081741302, "price": "51301.81000000", "qty": "0.00033000", "quoteQty": "16.92959730", "time": 1633508240335, "isBuyerMaker": true, "isBestMatch": true}, {"id": 1081741303, "price": "51300.00000000", "qty": "0.00023000", "quoteQty": "11.79900000", "time": 1633508240335, "isBuyerMaker": true, "isBestMatch": true}, {"id": 1081741304, "price": "51300.00000000", "qty": "0.00200000", "quoteQty": "102.60000000", "time": 1633508240335, "isBuyerMaker": true, "isBestMatch": true}, {"id": 1081741305, "price": "51300.00000000", "qty": "0.01265000", "quoteQty": "648.94500000", "time": 1633508240335, "isBuyerMaker": true, "isBestMatch": true}, {"id": 1081741306, "price": "51300.00000000", "qty": "0.01223000", "quoteQty": "627.39900000", "time": 1633508240335, "isBuyerMaker": true, "isBestMatch": true}, {"id": 1081741307, "price": "51300.00000000", "qty": "0.19074000", "quoteQty": "9784.96200000", "time": 1633508240335, "isBuyerMaker": true, "isBestMatch": true}, {"id": 1081741308, "price": "51301.22000000", "qty": "0.15714000", "quoteQty": "8061.47371080", "time": 1633508240393, "isBuyerMaker": false, "isBestMatch": true}, {"id": 1081741309, "price": "51301.22000000", "qty": "0.04319000", "quoteQty": "2215.69969180", "time": 1633508240419, "isBuyerMaker": false, "isBestMatch": true}, {"id": 1081741310, "price": "51301.22000000", "qty": "0.00039000", "quoteQty": "20.00747580", "time": 1633508240439, "isBuyerMaker": false, "isBestMatch": true}, {"id": 1081741311, "price": "51301.22000000", "qty": "0.00040000", "quoteQty": "20.52048800", "time": 1633508240474, "isBuyerMaker": false, "isBestMatch": true}, {"id": 1081741312, "price": "51301.22000000", "qty": "0.00233000", "quoteQty": "119.53184260", "time": 1633508240478, "isBuyerMaker": false, "isBestMatch": true}, {"id": 1081741313, "price": "51301.22000000", "qty": "0.01750000", "quoteQty": "897.77135000", "time": 1633508240478, "isBuyerMaker": false, "isBestMatch": true}, {"id": 1081741314, "price": "51306.03000000", "qty": "0.00077000", "quoteQty": "39.50564310", "time": 1633508240567, "isBuyerMaker": false, "isBestMatch": true}, {"id": 1081741315, "price": "51306.03000000", "qty": "0.00085000", "quoteQty": "43.61012550", "time": 1633508240644, "isBuyerMaker": false, "isBestMatch": true}, {"id": 1081741316, "price": "51306.03000000", "qty": "0.00619000", "quoteQty": "317.58432570", "time": 1633508240686, "isBuyerMaker": false, "isBestMatch": true}, {"id": 1081741317, "price": "51306.03000000", "qty": "0.00045000", "quoteQty": "23.08771350", "time": 1633508240733, "isBuyerMaker": false, "isBestMatch": true}, {"id": 1081741318, "price": "51306.03000000", "qty": "0.00020000", "quoteQty": "10.26120600", "time": 1633508240773, "isBuyerMaker": false, "isBestMatch": true}, {"id": 1081741319, "price": "51306.03000000", "qty": "0.00358000", "quoteQty": "183.67558740", "time": 1633508240788, "isBuyerMaker": false, "isBestMatch": true}, {"id": 1081741320, "price": "51306.04000000", "qty": "0.00036000", "quoteQty": "18.47017440", "time": 1633508240841, "isBuyerMaker": false, "isBestMatch": true}, {"id": 1081741321, "price": "51306.04000000", "qty": "0.00772000", "quoteQty": "396.08262880", "time": 1633508240878, "isBuyerMaker": false, "isBestMatch": true}, {"id": 1081741322, "price": "51306.04000000", "qty": "0.00499000", "quoteQty": "256.01713960", "time": 1633508240938, "isBuyerMaker": false, "isBestMatch": true}, {"id": 1081741323, "price": "51306.04000000", "qty": "0.02759000", "quoteQty": "1415.53364360", "time": 1633508241086, "isBuyerMaker": false, "isBestMatch": true}, {"id": 1081741324, "price": "51306.04000000", "qty": "0.00957000", "quoteQty": "490.99880280", "time": 1633508241086, "isBuyerMaker": false, "isBestMatch": true}, {"id": 1081741325, "price": "51306.04000000", "qty": "0.00117000", "quoteQty": "60.02806680", "time": 1633508241086, "isBuyerMaker": false, "isBestMatch": true}, {"id": 1081741326, "price": "51310.36000000", "qty": "0.00038000", "quoteQty": "19.49793680", "time": 1633508241119, "isBuyerMaker": false, "isBestMatch": true}, {"id": 1081741327, "price": "51310.36000000", "qty": "0.00658000", "quoteQty": "337.62216880", "time": 1633508241119, "isBuyerMaker": false, "isBestMatch": true}, {"id": 1081741328, "price": "51312.19000000", "qty": "0.01093000", "quoteQty": "560.84223670", "time": 1633508241319, "isBuyerMaker": false, "isBestMatch": true}, {"id": 1081741329, "price": "51312.19000000", "qty": "0.00907000", "quoteQty": "465.40156330", "time": 1633508241326, "isBuyerMaker": false, "isBestMatch": true}, {"id": 1081741330, "price": "51312.19000000", "qty": "0.02547000", "quoteQty": "1306.92147930", "time": 1633508241326, "isBuyerMaker": false, "isBestMatch": true}, {"id": 1081741331, "price": "51312.19000000", "qty": "0.01670000", "quoteQty": "856.91357300", "time": 1633508241849, "isBuyerMaker": false, "isBestMatch": true}, {"id": 1081741332, "price": "51312.21000000", "qty": "0.00609000", "quoteQty": "312.49135890", "time": 1633508241936, "isBuyerMaker": false, "isBestMatch": true}, {"id": 1081741333, "price": "51312.21000000", "qty": "0.00003000", "quoteQty": "1.53936630", "time": 1633508242186, "isBuyerMaker": false, "isBestMatch": true}, {"id": 1081741334, "price": "51319.40000000", "qty": "0.10936000", "quoteQty": "5612.28958400", "time": 1633508242246, "isBuyerMaker": true, "isBestMatch": true}, {"id": 1081741335, "price": "51319.41000000", "qty": "0.00683000", "quoteQty": "350.51157030", "time": 1633508242251, "isBuyerMaker": false, "isBestMatch": true}, {"id": 1081741336, "price": "51319.41000000", "qty": "0.01317000", "quoteQty": "675.87662970", "time": 1633508242251, "isBuyerMaker": false, "isBestMatch": true}, {"id": 1081741337, "price": "51319.41000000", "qty": "0.00191000", "quoteQty": "98.02007310", "time": 1633508242251, "isBuyerMaker": false, "isBestMatch": true}, {"id": 1081741338, "price": "51319.41000000", "qty": "0.00045000", "quoteQty": "23.09373450", "time": 1633508242267, "isBuyerMaker": false, "isBestMatch": true}, {"id": 1081741339, "price": "51319.40000000", "qty": "0.00263000", "quoteQty": "134.97002200", "time": 1633508242812, "isBuyerMaker": true, "isBestMatch": true}, {"id": 1081741340, "price": "51319.41000000", "qty": "0.04034000", "quoteQty": "2070.22499940", "time": 1633508243029, "isBuyerMaker": false, "isBestMatch": true}, {"id": 1081741341, "price": "51319.40000000", "qty": "0.00283000", "quoteQty": "145.23390200", "time": 1633508243035, "isBuyerMaker": true, "isBestMatch": true}, {"id": 1081741342, "price": "51319.41000000", "qty": "0.02833000", "quoteQty": "1453.87888530", "time": 1633508243225, "isBuyerMaker": false, "isBestMatch": true}, {"id": 1081741343, "price": "51319.41000000", "qty": "0.04528000", "quoteQty": "2323.74288480", "time": 1633508243439, "isBuyerMaker": false, "isBestMatch": true}, {"id": 1081741344, "price": "51319.40000000", "qty": "0.00669000", "quoteQty": "343.32678600", "time": 1633508243773, "isBuyerMaker": true, "isBestMatch": true}, {"id": 1081741345, "price": "51314.00000000", "qty": "0.01360000", "quoteQty": "697.87040000", "time": 1633508243842, "isBuyerMaker": false, "isBestMatch": true}, {"id": 1081741346, "price": "51314.00000000", "qty": "0.00028000", "quoteQty": "14.36792000", "time": 1633508243927, "isBuyerMaker": false, "isBestMatch": true}, {"id": 1081741347, "price": "51314.00000000", "qty": "0.00587000", "quoteQty": "301.21318000", "time": 1633508243946, "isBuyerMaker": false, "isBestMatch": true}, {"id": 1081741348, "price": "51313.99000000", "qty": "0.00423000", "quoteQty": "217.05817770", "time": 1633508244013, "isBuyerMaker": true, "isBestMatch": true}, {"id": 1081741349, "price": "51313.99000000", "qty": "0.00600000", "quoteQty": "307.88394000", "time": 1633508244013, "isBuyerMaker": true, "isBestMatch": true}, {"id": 1081741350, "price": "51306.39000000", "qty": "0.01053000", "quoteQty": "540.25628670", "time": 1633508244013, "isBuyerMaker": true, "isBestMatch": true}, {"id": 1081741351, "price": "51306.40000000", "qty": "0.00345000", "quoteQty": "177.00708000", "time": 1633508244056, "isBuyerMaker": false, "isBestMatch": true}, {"id": 1081741352, "price": "51313.75000000", "qty": "0.02014000", "quoteQty": "1033.45892500", "time": 1633508244089, "isBuyerMaker": false, "isBestMatch": true}, {"id": 1081741353, "price": "51311.58000000", "qty": "0.01129000", "quoteQty": "579.30773820", "time": 1633508244181, "isBuyerMaker": false, "isBestMatch": true}, {"id": 1081741354, "price": "51316.61000000", "qty": "0.00302000", "quoteQty": "154.97616220", "time": 1633508244293, "isBuyerMaker": false, "isBestMatch": true}, {"id": 1081741355, "price": "51316.16000000", "qty": "0.00667000", "quoteQty": "342.27878720", "time": 1633508244742, "isBuyerMaker": true, "isBestMatch": true}, {"id": 1081741356, "price": "51316.16000000", "qty": "0.00600000", "quoteQty": "307.89696000", "time": 1633508244983, "isBuyerMaker": true, "isBestMatch": true}, {"id": 1081741357, "price": "51308.13000000", "qty": "0.05452000", "quoteQty": "2797.31924760", "time": 1633508245052, "isBuyerMaker": false, "isBestMatch": true}, {"id": 1081741358, "price": "51308.12000000", "qty": "0.05989000", "quoteQty": "3072.84330680", "time": 1633508245074, "isBuyerMaker": true, "isBestMatch": true}, {"id": 1081741359, "price": "51308.13000000", "qty": "0.05954000", "quoteQty": "3054.88606020", "time": 1633508245095, "isBuyerMaker": false, "isBestMatch": true}, {"id": 1081741360, "price": "51308.13000000", "qty": "0.00609000", "quoteQty": "312.46651170", "time": 1633508245105, "isBuyerMaker": false, "isBestMatch": true}, {"id": 1081741361, "price": "51308.13000000", "qty": "0.04164000", "quoteQty": "2136.47053320", "time": 1633508245116, "isBuyerMaker": false, "isBestMatch": true}, {"id": 1081741362, "price": "51308.12000000", "qty": "0.00137000", "quoteQty": "70.29212440", "time": 1633508245452, "isBuyerMaker": true, "isBestMatch": true}, {"id": 1081741363, "price": "51308.12000000", "qty": "0.00079000", "quoteQty": "40.53341480", "time": 1633508245620, "isBuyerMaker": true, "isBestMatch": true}, {"id": 1081741364, "price": "51308.13000000", "qty": "0.00588000", "quoteQty": "301.69180440", "time": 1633508245688, "isBuyerMaker": false, "isBestMatch": true}, {"id": 1081741365, "price": "51308.13000000", "qty": "0.01426000", "quoteQty": "731.65393380", "time": 1633508245783, "isBuyerMaker": false, "isBestMatch": true}, {"id": 1081741366, "price": "51308.13000000", "qty": "0.04924000", "quoteQty": "2526.41232120", "time": 1633508245944, "isBuyerMaker": false, "isBestMatch": true}]