[{"id": 624132034, "price": "3437.52000000", "qty": "0.09600000", "quoteQty": "330.00192000", "time": 1633508240165, "isBuyerMaker": true, "isBestMatch": true}, {"id": 624132035, "price": "3437.52000000", "qty": "0.10400000", "quoteQty": "357.50208000", "time": 1633508240186, "isBuyerMaker": true, "isBestMatch": true}, {"id": 624132036, "price": "3437.19000000", "qty": "0.00370000", "quoteQty": "12.71760300", "time": 1633508240379, "isBuyerMaker": true, "isBestMatch": true}, {"id": 624132037, "price": "3437.18000000", "qty": "0.23300000", "quoteQty": "800.86294000", "time": 1633508240379, "isBuyerMaker": true, "isBestMatch": true}, {"id": 624132038, "price": "3437.16000000", "qty": "0.23300000", "quoteQty": "800.85828000", "time": 1633508240412, "isBuyerMaker": true, "isBestMatch": true}, {"id": 624132039, "price": "3437.14000000", "qty": "0.23310000", "quoteQty": "801.19733400", "time": 1633508240422, "isBuyerMaker": true, "isBestMatch": true}, {"id": 624132040, "price": "3436.68000000", "qty": "0.05000000", "quoteQty": "171.83400000", "time": 1633508240741, "isBuyerMaker": false, "isBestMatch": true}, {"id": 624132041, "price": "3436.68000000", "qty": "0.22000000", "quoteQty": "756.06960000", "time": 1633508241326, "isBuyerMaker": false, "isBestMatch": true}, {"id": 624132042, "price": "3436.68000000", "qty": "0.76330000", "quoteQty": "2623.21784400", "time": 1633508242074, "isBuyerMaker": false, "isBestMatch": true}, {"id": 624132043, "price": "3436.68000000", "qty": "0.06070000", "quoteQty": "208.60647600", "time": 1633508242074, "isBuyerMaker": false, "isBestMatch": true}, {"id": 624132044, "price": "3436.70000000", "qty": "0.06070000", "quoteQty": "208.60769000", "time": 1633508242195, "isBuyerMaker": false, "isBestMatch": true}, {"id": 624132045, "price": "3436.72000000", "qty": "0.00660000", "quoteQty": "22.68235200", "time": 1633508242195, "isBuyerMaker": false, "isBestMatch": true}, {"id": 624132046, "price": "3436.72000000", "qty": "0.06080000", "quoteQty": "208.95257600", "time": 1633508242195, "isBuyerMaker": false, "isBestMatch": true}, {"id": 624132047, "price": "3436.98000000", "qty": "0.35590000", "quoteQty": "1223.22118200", "time": 1633508242299, "isBuyerMaker": false, "isBestMatch": true}, {"id": 624132048, "price": "3436.98000000", "qty": "0.02220000", "quoteQty": "76.30095600", "time": 1633508242299, "isBuyerMaker": false, "isBestMatch": true}, {"id": 624132049, "price": "3436.98000000", "qty": "0.10710000", "quoteQty": "368.10055800", "time": 1633508242604, "isBuyerMaker": false, "isBestMatch": true}, {"id": 624132050, "price": "3437.29000000", "qty": "2.40000000", "quoteQty": "8249.49600000", "time": 1633508243046, "isBuyerMaker": false, "isBestMatch": true}, {"id": 624132051, "price": "3437.29000000", "qty": "0.60000000", "quoteQty": "2062.37400000", "time": 1633508243046, "isBuyerMaker": false, "isBestMatch": true}, {"id": 624132052, "price": "3437.28000000", "qty": "0.20000000", "quoteQty": "687.45600000", "time": 1633508243841, "isBuyerMaker": true, "isBestMatch": true}, {"id": 624132053, "price": "3437.28000000", "qty": "0.00310000", "quoteQty": "10.65556800", "time": 1633508243841, "isBuyerMaker": true, "isBestMatch": true}, {"id": 624132054, "price": "3437.16000000", "qty": "0.00580000", "quoteQty": "19.93552800", "time": 1633508243989, "isBuyerMaker": false, "isBestMatch": true}, {"id": 624132055, "price": "3436.65000000", "qty": "2.21160000", "quoteQty": "7600.49514000", "time": 1633508244196, "isBuyerMaker": false, "isBestMatch": true}, {"id": 624132056, "price": "3436.65000000", "qty": "0.03840000", "quoteQty": "131.96736000", "time": 1633508244196, "isBuyerMaker": false, "isBestMatch": true}, {"id": 624132057, "price": "3437.05000000", "qty": "0.02830000", "quoteQty": "97.26851500", "time": 1633508244401, "isBuyerMaker": true, "isBestMatch": true}, {"id": 624132058, "price": "3437.06000000", "qty": "0.00580000", "quoteQty": "19.93494800", "time": 1633508244518, "isBuyerMaker": false, "isBestMatch": true}, {"id": 624132059, "price": "3436.65000000", "qty": "0.01110000", "quoteQty": "38.14681500", "time": 1633508245514, "isBuyerMaker": false, "isBestMatch": true}, {"id": 624132060, "price": "3436.65000000", "qty": "0.00980000", "quoteQty": "33.67917000", "time": 1633508245689, "isBuyerMaker": false, "isBestMatch": true}, {"id": 624132061, "price": "3436.65000000", "qty": "0.00340000", "quoteQty": "11.68461000", "time": 1633508245954, "isBuyerMaker": false, "isBestMatch": true}, {"id": 624132062, "price": "3436.64000000", "qty": "0.10000000", "quoteQty": "343.66400000", "time": 1633508246942, "isBuyerMaker": true, "isBestMatch": true}, {"id": 624132063, "price": "3436.64000000", "qty": "0.02240000", "quoteQty": "76.98073600", "time": 1633508248097, "isBuyerMaker": true, "isBestMatch": true}, {"id": 624132064, "price": "3436.65000000", "qty": "0.79020000", "quoteQty": "2715.64083000", "time": 1633508248741, "isBuyerMaker": false, "isBestMatch": true}, {"id": 624132065, "price": "3436.65000000", "qty": "0.25000000", "quoteQty": "859.16250000", "time": 1633508248741, "isBuyerMaker": false, "isBestMatch": true}, {"id": 624132066, "price": "3436.65000000", "qty": "0.10000000", "quoteQty": "343.66500000", "time": 1633508248741, "isBuyerMaker": false, "isBestMatch": true}, {"id": 624132067, "price": "3436.65000000", "qty": "2.00000000", "quoteQty": "6873.30000000", "time": 1633508248741, "isBuyerMaker": false, "isBestMatch": true}, {"id": 624132068, "price": "3436.65000000", "qty": "0.83490000", "quoteQty": "2869.25908500", "time": 1633508248741, "isBuyerMaker": false, "isBestMatch": true}, {"id": 624132069, "price": "3436.65000000", "qty": "4.80000000", "quoteQty": "16495.92000000", "time": 1633508248741, "isBuyerMaker": false, "isBestMatch": true}, {"id": 624132070, "price": "3436.65000000", "qty": "2.40000000", "quoteQty": "8247.96000000", "time": 1633508248741, "isBuyerMaker": false, "isBestMatch": true}, {"id": 624132071, "price": "3436.65000000", "qty": "0.38090000", "quoteQty": "1309.01998500", "time": 1633508248741, "isBuyerMaker": false, "isBestMatch": true}, {"id": 624132072, "price": "3436.67000000", "qty": "0.00380000", "quoteQty": "13.05934600", "time": 1633508248811, "isBuyerMaker": true, "isBestMatch": true}, {"id": 624132073, "price": "3436.68000000", "qty": "0.00320000", "quoteQty": "10.99737600", "time": 1633508249011, "isBuyerMaker": false, "isBestMatch": true}, {"id": 624132074, "price": "3436.68000000", "qty": "0.06660000", "quoteQty": "228.88288800", "time": 1633508249011, "isBuyerMaker": false, "isBestMatch": true}, {"id": 624132075, "price": "3436.68000000", "qty": "0.00580000", "quoteQty": "19.93274400", "time": 1633508249030, "isBuyerMaker": false, "isBestMatch": true}, {"id": 624132076, "price": "3436.68000000", "qty": "0.35720000", "quoteQty": "1227.58209600", "time": 1633508249078, "isBuyerMaker": false, "isBestMatch": true}, {"id": 624132077, "price": "3436.69000000", "qty": "0.26140000", "quoteQty": "898.35076600", "time": 1633508249292, "isBuyerMaker": false, "isBestMatch": true}, {"id": 624132078, "price": "3436.79000000", "qty": "0.00690000", "quoteQty": "23.71385100", "time": 1633508249545, "isBuyerMaker": false, "isBestMatch": true}, {"id": 624132079, "price": "3436.79000000", "qty": "1.11270000", "quoteQty": "3824.11623300", "time": 1633508249843, "isBuyerMaker": false, "isBestMatch": true}, {"id": 624132080, "price": "3436.79000000", "qty": "0.42000000", "quoteQty": "1443.45180000", "time": 1633508249843, "isBuyerMaker": false, "isBestMatch": true}, {"id": 624132081, "price": "3436.79000000", "qty": "0.10600000", "quoteQty": "364.29974000", "time": 1633508249843, "isBuyerMaker": false, "isBestMatch": true}, {"id": 624132082, "price": "3436.78000000", "qty": "0.10000000", "quoteQty": "343.67800000", "time": 1633508250046, "isBuyerMaker": true, "isBestMatch": true}, {"id": 624132083, "price": "3436.78000000", "qty": "0.00130000", "quoteQty": "4.46781400", "time": 1633508250046, "isBuyerMaker": true, "isBestMatch": true}, {"id": 624132084, "price": "3437.08000000", "qty": "0.19070000", "quoteQty": "655.45115600", "time": 1633508250340, "isBuyerMaker": false, "isBestMatch": true}, {"id": 624132085, "price": "3437.09000000", "qty": "0.22450000", "quoteQty": "771.62670500", "time": 1633508250340, "isBuyerMaker": false, "isBestMatch": true}, {"id": 624132086, "price": "3437.11000000", "qty": "0.13810000", "quoteQty": "474.66489100", "time": 1633508250477, "isBuyerMaker": false, "isBestMatch": true}, {"id": 624132087, "price": "3437.26000000", "qty": "0.04300000", "quoteQty": "147.80218000", "time": 1633508252229, "isBuyerMaker": false, "isBestMatch": true}, {"id": 624132088, "price": "3437.26000000", "qty": "0.00310000", "quoteQty": "10.65550600", "time": 1633508252429, "isBuyerMaker": false, "isBestMatch": true}, {"id": 624132089, "price": "3437.33000000", "qty": "0.08180000", "quoteQty": "281.17359400", "time": 1633508252429, "isBuyerMaker": false, "isBestMatch": true}, {"id": 624132090, "price": "3437.33000000", "qty": "0.38310000", "quoteQty": "1316.84112300", "time": 1633508252723, "isBuyerMaker": false, "isBestMatch": true}, {"id": 624132091, "price": "3437.32000000", "qty": "0.04600000", "quoteQty": "158.11672000", "time": 1633508253080, "isBuyerMaker": true, "isBestMatch": true}, {"id": 624132092, "price": "3437.33000000", "qty": "0.48780000", "quoteQty": "1676.72957400", "time": 1633508253296, "isBuyerMaker": false, "isBestMatch": true}, {"id": 624132093, "price": "3437.33000000", "qty": "0.25000000", "quoteQty": "859.33250000", "time": 1633508253296, "isBuyerMaker": false, "isBestMatch": true}, {"id": 624132094, "price": "3437.33000000", "qty": "0.02170000", "quoteQty": "74.59006100", "time": 1633508253296, "isBuyerMaker": false, "isBestMatch": true}, {"id": 624132095, "price": "3437.36000000", "qty": "0.14750000", "quoteQty": "507.01060000", "time": 1633508254092, "isBuyerMaker": false, "isBestMatch": true}, {"id": 624132096, "price": "3437.35000000", "qty": "0.04180000", "quoteQty": "143.68123000", "time": 1633508254189, "isBuyerMaker": true, "isBestMatch": true}, {"id": 624132097, "price": "3437.35000000", "qty": "0.02180000", "quoteQty": "74.93423000", "time": 1633508254395, "isBuyerMaker": true, "isBestMatch": true}, {"id": 624132098, "price": "3437.36000000", "qty": "0.05940000", "quoteQty": "204.17918400", "time": 1633508255461, "isBuyerMaker": false, "isBestMatch": true}, {"id": 624132099, "price": "3437.35000000", "qty": "0.10000000", "quoteQty": "343.73500000", "time": 1633508255614, "isBuyerMaker": true, "isBestMatch": true}, {"id": 624132100, "price": "3437.35000000", "qty": "0.30190000", "quoteQty": "1037.73596500", "time": 1633508255614, "isBuyerMaker": true, "isBestMatch": true}, {"id": 624132101, "price": "3437.35000000", "qty": "0.01680000", "quoteQty": "57.74748000", "time": 1633508255614, "isBuyerMaker": true, "isBestMatch": true}, {"id": 624132102, "price": "3437.35000000", "qty": "1.56840000", "quoteQty": "5391.13974000", "time": 1633508255614, "isBuyerMaker": true, "isBestMatch": true}, {"id": 624132103, "price": "3437.35000000", "qty": "0.10260000", "quoteQty": "352.67211000", "time": 1633508255614, "isBuyerMaker": true, "isBestMatch": true}, {"id": 624132104, "price": "3437.35000000", "qty": "0.00670000", "quoteQty": "23.03024500", "time": 1633508255614, "isBuyerMaker": true, "isBestMatch": true}, {"id": 624132105, "price": "3437.35000000", "qty": "0.84000000", "quoteQty": "2887.37400000", "time": 1633508255614, "isBuyerMaker": true, "isBestMatch": true}, {"id": 624132106, "price": "3437.35000000", "qty": "4.80000000", "quoteQty": "16499.28000000", "time": 1633508255614, "isBuyerMaker": true, "isBestMatch": true}, {"id": 624132107, "price": "3437.35000000", "qty": "0.88200000", "quoteQty": "3031.74270000", "time": 1633508255614, "isBuyerMaker": true, "isBestMatch": true}, {"id": 624132108, "price": "3437.34000000", "qty": "0.43680000", "quoteQty": "1501.43011200", "time": 1633508255614, "isBuyerMaker": true, "isBestMatch": true}, {"id": 624132109, "price": "3437.32000000", "qty": "1.09140000", "quoteQty": "3751.49104800", "time": 1633508255614, "isBuyerMaker": true, "isBestMatch": true}, {"id": 624132110, "price": "3437.29000000", "qty": "0.32210000", "quoteQty": "1107.15110900", "time": 1633508255614, "isBuyerMaker": true, "isBestMatch": true}, {"id": 624132111, "price": "3437.27000000", "qty": "0.45220000", "quoteQty": "1554.33349400", "time": 1633508256755, "isBuyerMaker": false, "isBestMatch": true}, {"id": 624132112, "price": "3437.27000000", "qty": "0.45230000", "quoteQty": "1554.67722100", "time": 1633508256755, "isBuyerMaker": false, "isBestMatch": true}, {"id": 624132113, "price": "3437.27000000", "qty": "0.02060000", "quoteQty": "70.80776200", "time": 1633508256755, "isBuyerMaker": false, "isBestMatch": true}, {"id": 624132114, "price": "3437.27000000", "qty": "0.07940000", "quoteQty": "272.91923800", "time": 1633508256793, "isBuyerMaker": false, "isBestMatch": true}, {"id": 624132115, "price": "3437.27000000", "qty": "0.25150000", "quoteQty": "864.47340500", "time": 1633508256793, "isBuyerMaker": false, "isBestMatch": true}, {"id": 624132116, "price": "3437.27000000", "qty": "0.49410000", "quoteQty": "1698.35510700", "time": 1633508256793, "isBuyerMaker": false, "isBestMatch": true}, {"id": 624132117, "price": "3437.27000000", "qty": "4.80000000", "quoteQty": "16498.89600000", "time": 1633508256793, "isBuyerMaker": false, "isBestMatch": true}, {"id": 624132118, "price": "3437.27000000", "qty": "0.96080000", "quoteQty": "3302.52901600", "time": 1633508256793, "isBuyerMaker": false, "isBestMatch": true}, {"id": 624132119, "price": "3437.27000000", "qty": "0.02460000", "quoteQty": "84.55684200", "time": 1633508257038, "isBuyerMaker": false, "isBestMatch": true}, {"id": 624132120, "price": "3437.26000000", "qty": "0.10000000", "quoteQty": "343.72600000", "time": 1633508258087, "isBuyerMaker": true, "isBestMatch": true}, {"id": 624132121, "price": "3437.26000000", "qty": "0.26750000", "quoteQty": "919.46705000", "time": 1633508259691, "isBuyerMaker": true, "isBestMatch": true}, {"id": 624132122, "price": "3437.26000000", "qty": "0.08510000", "quoteQty": "292.51082600", "time": 1633508259691, "isBuyerMaker": true, "isBestMatch": true}, {"id": 624132123, "price": "3437.11000000", "qty": "0.02400000", "quoteQty": "82.49064000", "time": 1633508260262, "isBuyerMaker": true, "isBestMatch": true}, {"id": 624132124, "price": "3437.00000000", "qty": "0.01030000", "quoteQty": "35.40110000", "time": 1633508260262, "isBuyerMaker": true, "isBestMatch": true}, {"id": 624132125, "price": "3436.90000000", "qty": "0.20000000", "quoteQty": "687.38000000", "time": 1633508260574, "isBuyerMaker": true, "isBestMatch": true}, {"id": 624132126, "price": "3436.80000000", "qty": "0.15410000", "quoteQty": "529.61088000", "time": 1633508260574, "isBuyerMaker": true, "isBestMatch": true}, {"id": 624132127, "price": "3436.86000000", "qty": "0.01130000", "quoteQty": "38.83651800", "time": 1633508260628, "isBuyerMaker": false, "isBestMatch": true}, {"id": 624132128, "price": "3436.86000000", "qty": "0.01370000", "quoteQty": "47.08498200", "time": 1633508261011, "isBuyerMaker": false, "isBestMatch": true}, {"id": 624132129, "price": "3436.86000000", "qty": "0.00580000", "quoteQty": "19.93378800", "time": 1633508261126, "isBuyerMaker": false, "isBestMatch": true}, {"id": 624132130, "price": "3436.85000000", "qty": "0.10000000", "quoteQty": "343.68500000", "time": 1633508261291, "isBuyerMaker": true, "isBestMatch": true}, {"id": 624132131, "price": "3436.86000000", "qty": "0.26320000", "quoteQty": "904.58155200", "time": 1633508261385, "isBuyerMaker": false, "isBestMatch": true}, {"id": 624132132, "price": "3436.86000000", "qty": "0.25750000", "quoteQty": "884.99145000", "time": 1633508261385, "isBuyerMaker": false, "isBestMatch": true}, {"id": 624132133, "price": "3436.80000000", "qty": "0.20000000", "quoteQty": "687.36000000", "time": 1633508262320, "isBuyerMaker": false, "isBestMatch": true}, {"id": 624132134, "price": "3436.79000000", "qty": "0.00920000", "quoteQty": "31.61846800", "time": 1633508262337, "isBuyerMaker": true, "isBestMatch": true}, {"id": 624132135, "price": "3436.79000000", "qty": "0.64890000", "quoteQty": "2230.13303100", "time": 1633508262337, "isBuyerMaker": true, "isBestMatch": true}, {"id": 624132136, "price": "3436.79000000", "qty": "0.90630000", "quoteQty": "3114.76277700", "time": 1633508262348, "isBuyerMaker": true, "isBestMatch": true}, {"id": 624132137, "price": "3436.65000000", "qty": "0.14540000", "quoteQty": "499.68891000", "time": 1633508262355, "isBuyerMaker": true, "isBestMatch": true}, {"id": 624132138, "price": "3436.64000000", "qty": "0.50350000", "quoteQty": "1730.34824000", "time": 1633508262356, "isBuyerMaker": true, "isBestMatch": true}, {"id": 624132139, "price": "3436.54000000", "qty": "4.97600000", "quoteQty": "17100.22304000", "time": 1633508262394, "isBuyerMaker": true, "isBestMatch": true}, {"id": 624132140, "price": "3436.54000000", "qty": "2.39530000", "quoteQty": "8231.54426200", "time": 1633508262407, "isBuyerMaker": true, "isBestMatch": true}, {"id": 624132141, "price": "3436.54000000", "qty": "0.59260000", "quoteQty": "2036.49360400", "time": 1633508262407, "isBuyerMaker": true, "isBestMatch": true}, {"id": 624132142, "price": "3436.54000000", "qty": "0.20000000", "quoteQty": "687.30800000", "time": 1633508262413, "isBuyerMaker": true, "isBestMatch": true}, {"id": 624132143, "price": "3436.54000000", "qty": "0.10000000", "quoteQty": "343.65400000", "time": 1633508262413, "isBuyerMaker": true, "isBestMatch": true}, {"id": 624132144, "price": "3436.54000000", "qty": "0.40000000", "quoteQty": "1374.61600000", "time": 1633508262414, "isBuyerMaker": true, "isBestMatch": true}, {"id": 624132145, "price": "3436.54000000", "qty": "0.04270000", "quoteQty": "146.74025800", "time": 1633508262416, "isBuyerMaker": true, "isBestMatch": true}, {"id": 624132146, "price": "3436.53000000", "qty": "0.27860000", "quoteQty": "957.41725800", "time": 1633508262421, "isBuyerMaker": true, "isBestMatch": true}, {"id": 624132147, "price": "3436.53000000", "qty": "0.32100000", "quoteQty": "1103.12613000", "time": 1633508262422, "isBuyerMaker": true, "isBestMatch": true}, {"id": 624132148, "price": "3436.41000000", "qty": "0.25480000", "quoteQty": "875.59726800", "time": 1633508262428, "isBuyerMaker": true, "isBestMatch": true}, {"id": 624132149, "price": "3436.32000000", "qty": "0.11370000", "quoteQty": "390.70958400", "time": 1633508262428, "isBuyerMaker": true, "isBestMatch": true}, {"id": 624132150, "price": "3436.22000000", "qty": "0.24250000", "quoteQty": "833.28335000", "time": 1633508262428, "isBuyerMaker": true, "isBestMatch": true}, {"id": 624132151, "price": "3436.11000000", "qty": "0.01740000", "quoteQty": "59.78831400", "time": 1633508262475, "isBuyerMaker": false, "isBestMatch": true}, {"id": 624132152, "price": "3436.09000000", "qty": "0.35410000", "quoteQty": "1216.71946900", "time": 1633508262569, "isBuyerMaker": true, "isBestMatch": true}, {"id": 624132153, "price": "3436.09000000", "qty": "0.02730000", "quoteQty": "93.80525700", "time": 1633508262596, "isBuyerMaker": true, "isBestMatch": true}, {"id": 624132154, "price": "3436.00000000", "qty": "0.00830000", "quoteQty": "28.51880000", "time": 1633508262596, "isBuyerMaker": true, "isBestMatch": true}, {"id": 624132155, "price": "3435.82000000", "qty": "0.08440000", "quoteQty": "289.98320800", "time": 1633508262596, "isBuyerMaker": true, "isBestMatch": true}, {"id": 624132156, "price": "3435.71000000", "qty": "0.02540000", "quoteQty": "87.26703400", "time": 1633508262628, "isBuyerMaker": false, "isBestMatch": true}, {"id": 624132157, "price": "3435.71000000", "qty": "0.01830000", "quoteQty": "62.87349300", "time": 1633508262694, "isBuyerMaker": false, "isBestMatch": true}, {"id": 624132158, "price": "3435.71000000", "qty": "0.00480000", "quoteQty": "16.49140800", "time": 1633508262702, "isBuyerMaker": false, "isBestMatch": true}, {"id": 624132159, "price": "3435.71000000", "qty": "0.92150000", "quoteQty": "3166.00676500", "time": 1633508262923, "isBuyerMaker": false, "isBestMatch": true}, {"id": 624132160, "price": "3435.70000000", "qty": "0.02420000", "quoteQty": "83.14394000", "time": 1633508263088, "isBuyerMaker": true, "isBestMatch": true}, {"id": 624132161, "price": "3435.70000000", "qty": "0.01070000", "quoteQty": "36.76199000", "time": 1633508263572, "isBuyerMaker": true, "isBestMatch": true}, {"id": 624132162, "price": "3435.58000000", "qty": "0.23260000", "quoteQty": "799.11590800", "time": 1633508263572, "isBuyerMaker": true, "isBestMatch": true}, {"id": 624132163, "price": "3435.57000000", "qty": "0.11080000", "quoteQty": "380.66115600", "time": 1633508263572, "isBuyerMaker": true, "isBestMatch": true}, {"id": 624132164, "price": "3435.58000000", "qty": "0.42000000", "quoteQty": "1442.94360000", "time": 1633508263628, "isBuyerMaker": false, "isBestMatch": true}, {"id": 624132165, "price": "3435.67000000", "qty": "0.00870000", "quoteQty": "29.89032900", "time": 1633508263661, "isBuyerMaker": false, "isBestMatch": true}, {"id": 624132166, "price": "3435.67000000", "qty": "0.22400000", "quoteQty": "769.59008000", "time": 1633508263728, "isBuyerMaker": false, "isBestMatch": true}, {"id": 624132167, "price": "3435.67000000", "qty": "0.98470000", "quoteQty": "3383.10424900", "time": 1633508263728, "isBuyerMaker": false, "isBestMatch": true}, {"id": 624132168, "price": "3435.66000000", "qty": "2.40000000", "quoteQty": "8245.58400000", "time": 1633508263787, "isBuyerMaker": true, "isBestMatch": true}, {"id": 624132169, "price": "3435.66000000", "qty": "0.10000000", "quoteQty": "343.56600000", "time": 1633508263787, "isBuyerMaker": true, "isBestMatch": true}, {"id": 624132170, "price": "3435.66000000", "qty": "0.27860000", "quoteQty": "957.17487600", "time": 1633508263787, "isBuyerMaker": true, "isBestMatch": true}, {"id": 624132171, "price": "3435.58000000", "qty": "0.30210000", "quoteQty": "1037.88871800", "time": 1633508263787, "isBuyerMaker": true, "isBestMatch": true}, {"id": 624132172, "price": "3435.67000000", "qty": "0.25000000", "quoteQty": "858.91750000", "time": 1633508263789, "isBuyerMaker": false, "isBestMatch": true}, {"id": 624132173, "price": "3435.75000000", "qty": "0.01000000", "quoteQty": "34.35750000", "time": 1633508263789, "isBuyerMaker": false, "isBestMatch": true}, {"id": 624132174, "price": "3435.81000000", "qty": "0.33720000", "quoteQty": "1158.55513200", "time": 1633508263789, "isBuyerMaker": false, "isBestMatch": true}, {"id": 624132175, "price": "3435.66000000", "qty": "0.15950000", "quoteQty": "547.98777000", "time": 1633508263797, "isBuyerMaker": true, "isBestMatch": true}, {"id": 624132176, "price": "3435.67000000", "qty": "0.22110000", "quoteQty": "759.62663700", "time": 1633508263803, "isBuyerMaker": true, "isBestMatch": true}, {"id": 624132177, "price": "3435.67000000", "qty": "0.10000000", "quoteQty": "343.56700000", "time": 1633508263809, "isBuyerMaker": true, "isBestMatch": true}, {"id": 624132178, "price": "3435.67000000", "qty": "0.18840000", "quoteQty": "647.28022800", "time": 1633508263828, "isBuyerMaker": true, "isBestMatch": true}, {"id": 624132179, "price": "3435.98000000", "qty": "0.23270000", "quoteQty": "799.55254600", "time": 1633508263866, "isBuyerMaker": false, "isBestMatch": true}, {"id": 624132180, "price": "3435.99000000", "qty": "1.28720000", "quoteQty": "4422.80632800", "time": 1633508263866, "isBuyerMaker": false, "isBestMatch": true}, {"id": 624132181, "price": "3435.99000000", "qty": "0.08720000", "quoteQty": "299.61832800", "time": 1633508263874, "isBuyerMaker": false, "isBestMatch": true}, {"id": 624132182, "price": "3435.97000000", "qty": "0.23270000", "quoteQty": "799.55021900", "time": 1633508263881, "isBuyerMaker": false, "isBestMatch": true}, {"id": 624132183, "price": "3435.99000000", "qty": "0.13490000", "quoteQty": "463.51505100", "time": 1633508263881, "isBuyerMaker": false, "isBestMatch": true}, {"id": 624132184, "price": "3435.87000000", "qty": "0.02120000", "quoteQty": "72.84044400", "time": 1633508264438, "isBuyerMaker": true, "isBestMatch": true}, {"id": 624132185, "price": "3435.89000000", "qty": "0.12000000", "quoteQty": "412.30680000", "time": 1633508264596, "isBuyerMaker": true, "isBestMatch": true}, {"id": 624132186, "price": "3435.89000000", "qty": "0.01220000", "quoteQty": "41.91785800", "time": 1633508264932, "isBuyerMaker": false, "isBestMatch": true}, {"id": 624132187, "price": "3435.84000000", "qty": "0.07070000", "quoteQty": "242.91388800", "time": 1633508265591, "isBuyerMaker": true, "isBestMatch": true}, {"id": 624132188, "price": "3435.57000000", "qty": "0.12000000", "quoteQty": "412.26840000", "time": 1633508265595, "isBuyerMaker": true, "isBestMatch": true}, {"id": 624132189, "price": "3435.58000000", "qty": "0.17000000", "quoteQty": "584.04860000", "time": 1633508265726, "isBuyerMaker": false, "isBestMatch": true}, {"id": 624132190, "price": "3435.58000000", "qty": "0.25460000", "quoteQty": "874.69866800", "time": 1633508265726, "isBuyerMaker": false, "isBestMatch": true}, {"id": 624132191, "price": "3435.58000000", "qty": "0.02300000", "quoteQty": "79.01834000", "time": 1633508265776, "isBuyerMaker": false, "isBestMatch": true}, {"id": 624132192, "price": "3435.57000000", "qty": "0.03400000", "quoteQty": "116.80938000", "time": 1633508266095, "isBuyerMaker": true, "isBestMatch": true}, {"id": 624132193, "price": "3435.58000000", "qty": "0.01030000", "quoteQty": "35.38647400", "time": 1633508267052, "isBuyerMaker": false, "isBestMatch": true}, {"id": 624132194, "price": "3435.57000000", "qty": "0.00800000", "quoteQty": "27.48456000", "time": 1633508267226, "isBuyerMaker": true, "isBestMatch": true}, {"id": 624132195, "price": "3435.57000000", "qty": "0.02200000", "quoteQty": "75.58254000", "time": 1633508267226, "isBuyerMaker": true, "isBestMatch": true}, {"id": 624132196, "price": "3435.58000000", "qty": "0.00430000", "quoteQty": "14.77299400", "time": 1633508267274, "isBuyerMaker": false, "isBestMatch": true}, {"id": 624132197, "price": "3435.58000000", "qty": "0.01450000", "quoteQty": "49.81591000", "time": 1633508267997, "isBuyerMaker": false, "isBestMatch": true}, {"id": 624132198, "price": "3435.58000000", "qty": "0.00430000", "quoteQty": "14.77299400", "time": 1633508268030, "isBuyerMaker": false, "isBestMatch": true}, {"id": 624132199, "price": "3435.58000000", "qty": "0.01450000", "quoteQty": "49.81591000", "time": 1633508268495, "isBuyerMaker": false, "isBestMatch": true}, {"id": 624132200, "price": "3435.58000000", "qty": "0.22000000", "quoteQty": "755.82760000", "time": 1633508268655, "isBuyerMaker": false, "isBestMatch": true}, {"id": 624132201, "price": "3435.73000000", "qty": "1.72710000", "quoteQty": "5933.84928300", "time": 1633508268777, "isBuyerMaker": true, "isBestMatch": true}, {"id": 624132202, "price": "3435.73000000", "qty": "0.67290000", "quoteQty": "2311.90271700", "time": 1633508268780, "isBuyerMaker": true, "isBestMatch": true}, {"id": 624132203, "price": "3435.73000000", "qty": "0.24000000", "quoteQty": "824.57520000", "time": 1633508268780, "isBuyerMaker": true, "isBestMatch": true}, {"id": 624132204, "price": "3435.62000000", "qty": "0.81420000", "quoteQty": "2797.28180400", "time": 1633508268780, "isBuyerMaker": true, "isBestMatch": true}, {"id": 624132205, "price": "3435.62000000", "qty": "1.72700000", "quoteQty": "5933.31574000", "time": 1633508268780, "isBuyerMaker": true, "isBestMatch": true}, {"id": 624132206, "price": "3435.58000000", "qty": "0.13760000", "quoteQty": "472.73580800", "time": 1633508269214, "isBuyerMaker": false, "isBestMatch": true}, {"id": 624132207, "price": "3435.58000000", "qty": "0.01450000", "quoteQty": "49.81591000", "time": 1633508270018, "isBuyerMaker": false, "isBestMatch": true}, {"id": 624132208, "price": "3435.58000000", "qty": "0.00720000", "quoteQty": "24.73617600", "time": 1633508270221, "isBuyerMaker": false, "isBestMatch": true}, {"id": 624132209, "price": "3435.57000000", "qty": "0.00320000", "quoteQty": "10.99382400", "time": 1633508270543, "isBuyerMaker": true, "isBestMatch": true}, {"id": 624132210, "price": "3435.57000000", "qty": "0.02680000", "quoteQty": "92.07327600", "time": 1633508270543, "isBuyerMaker": true, "isBestMatch": true}, {"id": 624132211, "price": "3435.57000000", "qty": "0.14120000", "quoteQty": "485.10248400", "time": 1633508270991, "isBuyerMaker": true, "isBestMatch": true}, {"id": 624132212, "price": "3435.58000000", "qty": "0.00430000", "quoteQty": "14.77299400", "time": 1633508271301, "isBuyerMaker": false, "isBestMatch": true}, {"id": 624132213, "price": "3435.58000000", "qty": "0.08090000", "quoteQty": "277.93842200", "time": 1633508271455, "isBuyerMaker": false, "isBestMatch": true}, {"id": 624132214, "price": "3435.58000000", "qty": "0.09350000", "quoteQty": "321.22673000", "time": 1633508272117, "isBuyerMaker": false, "isBestMatch": true}, {"id": 624132215, "price": "3435.58000000", "qty": "0.00870000", "quoteQty": "29.88954600", "time": 1633508272169, "isBuyerMaker": false, "isBestMatch": true}, {"id": 624132216, "price": "3435.57000000", "qty": "0.00360000", "quoteQty": "12.36805200", "time": 1633508272312, "isBuyerMaker": true, "isBestMatch": true}, {"id": 624132217, "price": "3435.57000000", "qty": "0.00720000", "quoteQty": "24.73610400", "time": 1633508272518, "isBuyerMaker": true, "isBestMatch": true}, {"id": 624132218, "price": "3435.58000000", "qty": "0.24000000", "quoteQty": "824.53920000", "time": 1633508272725, "isBuyerMaker": false, "isBestMatch": true}, {"id": 624132219, "price": "3435.58000000", "qty": "0.26000000", "quoteQty": "893.25080000", "time": 1633508272725, "isBuyerMaker": false, "isBestMatch": true}, {"id": 624132220, "price": "3435.58000000", "qty": "0.01160000", "quoteQty": "39.85272800", "time": 1633508272918, "isBuyerMaker": false, "isBestMatch": true}, {"id": 624132221, "price": "3435.58000000", "qty": "0.01860000", "quoteQty": "63.90178800", "time": 1633508273473, "isBuyerMaker": false, "isBestMatch": true}, {"id": 624132222, "price": "3435.58000000", "qty": "0.00580000", "quoteQty": "19.92636400", "time": 1633508273660, "isBuyerMaker": false, "isBestMatch": true}, {"id": 624132223, "price": "3435.53000000", "qty": "0.20000000", "quoteQty": "687.10600000", "time": 1633508274164, "isBuyerMaker": true, "isBestMatch": true}, {"id": 624132224, "price": "3435.51000000", "qty": "0.74100000", "quoteQty": "2545.71291000", "time": 1633508274164, "isBuyerMaker": true, "isBestMatch": true}, {"id": 624132225, "price": "3435.52000000", "qty": "0.97610000", "quoteQty": "3353.41107200", "time": 1633508275178, "isBuyerMaker": false, "isBestMatch": true}, {"id": 624132226, "price": "3435.52000000", "qty": "0.47920000", "quoteQty": "1646.30118400", "time": 1633508275178, "isBuyerMaker": false, "isBestMatch": true}, {"id": 624132227, "price": "3435.51000000", "qty": "0.25900000", "quoteQty": "889.79709000", "time": 1633508276394, "isBuyerMaker": true, "isBestMatch": true}, {"id": 624132228, "price": "3435.51000000", "qty": "1.53540000", "quoteQty": "5274.88205400", "time": 1633508276394, "isBuyerMaker": true, "isBestMatch": true}, {"id": 624132229, "price": "3435.49000000", "qty": "0.09090000", "quoteQty": "312.28604100", "time": 1633508276394, "isBuyerMaker": true, "isBestMatch": true}, {"id": 624132230, "price": "3435.25000000", "qty": "0.23270000", "quoteQty": "799.38267500", "time": 1633508276394, "isBuyerMaker": true, "isBestMatch": true}, {"id": 624132231, "price": "3435.24000000", "qty": "0.72750000", "quoteQty": "2499.13710000", "time": 1633508276394, "isBuyerMaker": true, "isBestMatch": true}, {"id": 624132232, "price": "3435.12000000", "qty": "0.09850000", "quoteQty": "338.35932000", "time": 1633508276394, "isBuyerMaker": true, "isBestMatch": true}, {"id": 624132233, "price": "3435.13000000", "qty": "0.40400000", "quoteQty": "1387.79252000", "time": 1633508276431, "isBuyerMaker": false, "isBestMatch": true}, {"id": 624132234, "price": "3435.13000000", "qty": "0.40390000", "quoteQty": "1387.44900700", "time": 1633508276431, "isBuyerMaker": false, "isBestMatch": true}, {"id": 624132235, "price": "3435.11000000", "qty": "0.22980000", "quoteQty": "789.38827800", "time": 1633508276523, "isBuyerMaker": false, "isBestMatch": true}, {"id": 624132236, "price": "3435.22000000", "qty": "0.01220000", "quoteQty": "41.90968400", "time": 1633508276605, "isBuyerMaker": false, "isBestMatch": true}, {"id": 624132237, "price": "3435.22000000", "qty": "0.33500000", "quoteQty": "1150.79870000", "time": 1633508276621, "isBuyerMaker": false, "isBestMatch": true}, {"id": 624132238, "price": "3435.23000000", "qty": "0.01380000", "quoteQty": "47.40617400", "time": 1633508276902, "isBuyerMaker": false, "isBestMatch": true}, {"id": 624132239, "price": "3435.21000000", "qty": "1.53540000", "quoteQty": "5274.42143400", "time": 1633508277259, "isBuyerMaker": true, "isBestMatch": true}, {"id": 624132240, "price": "3435.10000000", "qty": "0.20000000", "quoteQty": "687.02000000", "time": 1633508277260, "isBuyerMaker": true, "isBestMatch": true}, {"id": 624132241, "price": "3435.00000000", "qty": "0.01160000", "quoteQty": "39.84600000", "time": 1633508277265, "isBuyerMaker": true, "isBestMatch": true}, {"id": 624132242, "price": "3435.00000000", "qty": "0.01750000", "quoteQty": "60.11250000", "time": 1633508277265, "isBuyerMaker": true, "isBestMatch": true}, {"id": 624132243, "price": "3435.00000000", "qty": "0.01380000", "quoteQty": "47.40300000", "time": 1633508277265, "isBuyerMaker": true, "isBestMatch": true}, {"id": 624132244, "price": "3435.00000000", "qty": "2.32310000", "quoteQty": "7979.84850000", "time": 1633508277265, "isBuyerMaker": true, "isBestMatch": true}, {"id": 624132245, "price": "3435.00000000", "qty": "3.60000000", "quoteQty": "12366.00000000", "time": 1633508277267, "isBuyerMaker": true, "isBestMatch": true}, {"id": 624132246, "price": "3435.00000000", "qty": "2.15740000", "quoteQty": "7410.66900000", "time": 1633508277269, "isBuyerMaker": true, "isBestMatch": true}, {"id": 624132247, "price": "3435.00000000", "qty": "0.00580000", "quoteQty": "19.92300000", "time": 1633508277269, "isBuyerMaker": true, "isBestMatch": true}, {"id": 624132248, "price": "3435.00000000", "qty": "2.29080000", "quoteQty": "7868.89800000", "time": 1633508277269, "isBuyerMaker": true, "isBestMatch": true}, {"id": 624132249, "price": "3435.00000000", "qty": "3.70920000", "quoteQty": "12741.10200000", "time": 1633508277270, "isBuyerMaker": true, "isBestMatch": true}, {"id": 624132250, "price": "3435.00000000", "qty": "0.00300000", "quoteQty": "10.30500000", "time": 1633508277270, "isBuyerMaker": true, "isBestMatch": true}, {"id": 624132251, "price": "3434.86000000", "qty": "0.58220000", "quoteQty": "1999.77549200", "time": 1633508277289, "isBuyerMaker": true, "isBestMatch": true}, {"id": 624132252, "price": "3434.80000000", "qty": "0.25480000", "quoteQty": "875.18704000", "time": 1633508277289, "isBuyerMaker": true, "isBestMatch": true}, {"id": 624132253, "price": "3434.69000000", "qty": "0.02500000", "quoteQty": "85.86725000", "time": 1633508277341, "isBuyerMaker": true, "isBestMatch": true}, {"id": 624132254, "price": "3434.69000000", "qty": "0.02410000", "quoteQty": "82.77602900", "time": 1633508277360, "isBuyerMaker": true, "isBestMatch": true}, {"id": 624132255, "price": "3434.60000000", "qty": "0.12140000", "quoteQty": "416.96044000", "time": 1633508277360, "isBuyerMaker": true, "isBestMatch": true}, {"id": 624132256, "price": "3434.61000000", "qty": "0.01850000", "quoteQty": "63.54028500", "time": 1633508277418, "isBuyerMaker": false, "isBestMatch": true}, {"id": 624132257, "price": "3434.61000000", "qty": "0.20400000", "quoteQty": "700.66044000", "time": 1633508277713, "isBuyerMaker": false, "isBestMatch": true}, {"id": 624132258, "price": "3434.60000000", "qty": "0.66660000", "quoteQty": "2289.50436000", "time": 1633508277880, "isBuyerMaker": true, "isBestMatch": true}, {"id": 624132259, "price": "3434.60000000", "qty": "0.27520000", "quoteQty": "945.20192000", "time": 1633508277881, "isBuyerMaker": true, "isBestMatch": true}, {"id": 624132260, "price": "3434.60000000", "qty": "1.53540000", "quoteQty": "5273.48484000", "time": 1633508277881, "isBuyerMaker": true, "isBestMatch": true}, {"id": 624132261, "price": "3434.25000000", "qty": "0.23270000", "quoteQty": "799.14997500", "time": 1633508277881, "isBuyerMaker": true, "isBestMatch": true}, {"id": 624132262, "price": "3434.24000000", "qty": "0.36530000", "quoteQty": "1254.52787200", "time": 1633508277881, "isBuyerMaker": true, "isBestMatch": true}, {"id": 624132263, "price": "3434.23000000", "qty": "1.01360000", "quoteQty": "3480.93552800", "time": 1633508277881, "isBuyerMaker": true, "isBestMatch": true}, {"id": 624132264, "price": "3434.22000000", "qty": "0.02910000", "quoteQty": "99.93580200", "time": 1633508277881, "isBuyerMaker": true, "isBestMatch": true}, {"id": 624132265, "price": "3434.14000000", "qty": "0.72770000", "quoteQty": "2499.02367800", "time": 1633508277881, "isBuyerMaker": true, "isBestMatch": true}, {"id": 624132266, "price": "3434.08000000", "qty": "0.60000000", "quoteQty": "2060.44800000", "time": 1633508277881, "isBuyerMaker": true, "isBestMatch": true}, {"id": 624132267, "price": "3434.05000000", "qty": "0.13420000", "quoteQty": "460.84951000", "time": 1633508277881, "isBuyerMaker": true, "isBestMatch": true}, {"id": 624132268, "price": "3434.05000000", "qty": "0.09940000", "quoteQty": "341.34457000", "time": 1633508277884, "isBuyerMaker": true, "isBestMatch": true}, {"id": 624132269, "price": "3434.14000000", "qty": "0.15980000", "quoteQty": "548.77557200", "time": 1633508277891, "isBuyerMaker": true, "isBestMatch": true}, {"id": 624132270, "price": "3434.14000000", "qty": "0.11350000", "quoteQty": "389.77489000", "time": 1633508277903, "isBuyerMaker": true, "isBestMatch": true}, {"id": 624132271, "price": "3434.14000000", "qty": "0.06450000", "quoteQty": "221.50203000", "time": 1633508277911, "isBuyerMaker": true, "isBestMatch": true}, {"id": 624132272, "price": "3434.15000000", "qty": "0.13270000", "quoteQty": "455.71170500", "time": 1633508277914, "isBuyerMaker": false, "isBestMatch": true}, {"id": 624132273, "price": "3434.15000000", "qty": "0.31360000", "quoteQty": "1076.94944000", "time": 1633508277915, "isBuyerMaker": false, "isBestMatch": true}, {"id": 624132274, "price": "3434.15000000", "qty": "0.61200000", "quoteQty": "2101.69980000", "time": 1633508277924, "isBuyerMaker": false, "isBestMatch": true}, {"id": 624132275, "price": "3434.14000000", "qty": "0.02180000", "quoteQty": "74.86425200", "time": 1633508277925, "isBuyerMaker": true, "isBestMatch": true}, {"id": 624132276, "price": "3434.14000000", "qty": "1.44040000", "quoteQty": "4946.53525600", "time": 1633508277926, "isBuyerMaker": true, "isBestMatch": true}, {"id": 624132277, "price": "3434.13000000", "qty": "0.23270000", "quoteQty": "799.12205100", "time": 1633508277926, "isBuyerMaker": true, "isBestMatch": true}, {"id": 624132278, "price": "3434.06000000", "qty": "0.16200000", "quoteQty": "556.31772000", "time": 1633508277926, "isBuyerMaker": true, "isBestMatch": true}, {"id": 624132279, "price": "3434.02000000", "qty": "0.00500000", "quoteQty": "17.17010000", "time": 1633508277926, "isBuyerMaker": true, "isBestMatch": true}, {"id": 624132280, "price": "3434.01000000", "qty": "0.44270000", "quoteQty": "1520.23622700", "time": 1633508277926, "isBuyerMaker": true, "isBestMatch": true}, {"id": 624132281, "price": "3434.00000000", "qty": "1.26340000", "quoteQty": "4338.51560000", "time": 1633508277926, "isBuyerMaker": true, "isBestMatch": true}, {"id": 624132282, "price": "3433.95000000", "qty": "0.10000000", "quoteQty": "343.39500000", "time": 1633508277926, "isBuyerMaker": true, "isBestMatch": true}, {"id": 624132283, "price": "3433.91000000", "qty": "0.20000000", "quoteQty": "686.78200000", "time": 1633508277926, "isBuyerMaker": true, "isBestMatch": true}, {"id": 624132284, "price": "3433.85000000", "qty": "0.23440000", "quoteQty": "804.89444000", "time": 1633508277926, "isBuyerMaker": true, "isBestMatch": true}, {"id": 624132285, "price": "3433.73000000", "qty": "0.80260000", "quoteQty": "2755.91169800", "time": 1633508277926, "isBuyerMaker": true, "isBestMatch": true}, {"id": 624132286, "price": "3433.72000000", "qty": "0.14560000", "quoteQty": "499.94963200", "time": 1633508277926, "isBuyerMaker": true, "isBestMatch": true}, {"id": 624132287, "price": "3433.71000000", "qty": "1.00000000", "quoteQty": "3433.71000000", "time": 1633508277926, "isBuyerMaker": true, "isBestMatch": true}, {"id": 624132288, "price": "3433.70000000", "qty": "0.31180000", "quoteQty": "1070.62766000", "time": 1633508277926, "isBuyerMaker": true, "isBestMatch": true}, {"id": 624132289, "price": "3433.70000000", "qty": "0.68820000", "quoteQty": "2363.07234000", "time": 1633508277930, "isBuyerMaker": true, "isBestMatch": true}, {"id": 624132290, "price": "3433.69000000", "qty": "0.14560000", "quoteQty": "499.94526400", "time": 1633508277930, "isBuyerMaker": true, "isBestMatch": true}, {"id": 624132291, "price": "3433.56000000", "qty": "1.08450000", "quoteQty": "3723.69582000", "time": 1633508277930, "isBuyerMaker": true, "isBestMatch": true}, {"id": 624132292, "price": "3433.56000000", "qty": "0.13830000", "quoteQty": "474.86134800", "time": 1633508277934, "isBuyerMaker": true, "isBestMatch": true}, {"id": 624132293, "price": "3433.91000000", "qty": "0.20000000", "quoteQty": "686.78200000", "time": 1633508277935, "isBuyerMaker": true, "isBestMatch": true}, {"id": 624132294, "price": "3433.56000000", "qty": "0.61020000", "quoteQty": "2095.15831200", "time": 1633508277935, "isBuyerMaker": true, "isBestMatch": true}, {"id": 624132295, "price": "3433.55000000", "qty": "1.12460000", "quoteQty": "3861.37033000", "time": 1633508277935, "isBuyerMaker": true, "isBestMatch": true}, {"id": 624132296, "price": "3433.95000000", "qty": "0.20000000", "quoteQty": "686.79000000", "time": 1633508277943, "isBuyerMaker": true, "isBestMatch": true}, {"id": 624132297, "price": "3433.79000000", "qty": "1.25110000", "quoteQty": "4296.01466900", "time": 1633508277943, "isBuyerMaker": true, "isBestMatch": true}, {"id": 624132298, "price": "3433.79000000", "qty": "0.03630000", "quoteQty": "124.64657700", "time": 1633508277949, "isBuyerMaker": true, "isBestMatch": true}, {"id": 624132299, "price": "3433.73000000", "qty": "1.93480000", "quoteQty": "6643.58080400", "time": 1633508277952, "isBuyerMaker": true, "isBestMatch": true}, {"id": 624132300, "price": "3433.73000000", "qty": "0.04370000", "quoteQty": "150.05400100", "time": 1633508277967, "isBuyerMaker": true, "isBestMatch": true}, {"id": 624132301, "price": "3433.74000000", "qty": "0.02870000", "quoteQty": "98.54833800", "time": 1633508277974, "isBuyerMaker": true, "isBestMatch": true}, {"id": 624132302, "price": "3433.80000000", "qty": "0.42590000", "quoteQty": "1462.45542000", "time": 1633508277992, "isBuyerMaker": false, "isBestMatch": true}, {"id": 624132303, "price": "3433.80000000", "qty": "0.13640000", "quoteQty": "468.37032000", "time": 1633508278038, "isBuyerMaker": false, "isBestMatch": true}, {"id": 624132304, "price": "3433.80000000", "qty": "0.27190000", "quoteQty": "933.65022000", "time": 1633508278087, "isBuyerMaker": false, "isBestMatch": true}, {"id": 624132305, "price": "3433.80000000", "qty": "0.77840000", "quoteQty": "2672.86992000", "time": 1633508278139, "isBuyerMaker": false, "isBestMatch": true}, {"id": 624132306, "price": "3433.80000000", "qty": "0.71210000", "quoteQty": "2445.20898000", "time": 1633508278182, "isBuyerMaker": false, "isBestMatch": true}, {"id": 624132307, "price": "3433.94000000", "qty": "0.15610000", "quoteQty": "536.03803400", "time": 1633508278234, "isBuyerMaker": false, "isBestMatch": true}, {"id": 624132308, "price": "3433.82000000", "qty": "0.14990000", "quoteQty": "514.72961800", "time": 1633508278340, "isBuyerMaker": true, "isBestMatch": true}, {"id": 624132309, "price": "3434.17000000", "qty": "0.66670000", "quoteQty": "2289.56113900", "time": 1633508279880, "isBuyerMaker": true, "isBestMatch": true}, {"id": 624132310, "price": "3434.18000000", "qty": "0.02010000", "quoteQty": "69.02701800", "time": 1633508279984, "isBuyerMaker": false, "isBestMatch": true}, {"id": 624132311, "price": "3434.18000000", "qty": "0.00900000", "quoteQty": "30.90762000", "time": 1633508279984, "isBuyerMaker": false, "isBestMatch": true}, {"id": 624132312, "price": "3434.18000000", "qty": "0.00340000", "quoteQty": "11.67621200", "time": 1633508279995, "isBuyerMaker": false, "isBestMatch": true}, {"id": 624132313, "price": "3434.18000000", "qty": "0.01210000", "quoteQty": "41.55357800", "time": 1633508279998, "isBuyerMaker": false, "isBestMatch": true}, {"id": 624132314, "price": "3434.17000000", "qty": "0.01230000", "quoteQty": "42.24029100", "time": 1633508280001, "isBuyerMaker": true, "isBestMatch": true}, {"id": 624132315, "price": "3434.17000000", "qty": "0.00250000", "quoteQty": "8.58542500", "time": 1633508280001, "isBuyerMaker": true, "isBestMatch": true}, {"id": 624132316, "price": "3434.18000000", "qty": "0.19540000", "quoteQty": "671.03877200", "time": 1633508280016, "isBuyerMaker": false, "isBestMatch": true}, {"id": 624132317, "price": "3434.18000000", "qty": "0.00310000", "quoteQty": "10.64595800", "time": 1633508280016, "isBuyerMaker": false, "isBestMatch": true}, {"id": 624132318, "price": "3434.18000000", "qty": "0.66670000", "quoteQty": "2289.56780600", "time": 1633508280016, "isBuyerMaker": false, "isBestMatch": true}, {"id": 624132319, "price": "3434.20000000", "qty": "0.04450000", "quoteQty": "152.82190000", "time": 1633508280113, "isBuyerMaker": false, "isBestMatch": true}, {"id": 624132320, "price": "3434.20000000", "qty": "0.54730000", "quoteQty": "1879.53766000", "time": 1633508280181, "isBuyerMaker": false, "isBestMatch": true}, {"id": 624132321, "price": "3434.19000000", "qty": "0.33750000", "quoteQty": "1159.03912500", "time": 1633508280234, "isBuyerMaker": true, "isBestMatch": true}, {"id": 624132322, "price": "3434.19000000", "qty": "1.90900000", "quoteQty": "6555.86871000", "time": 1633508280234, "isBuyerMaker": true, "isBestMatch": true}, {"id": 624132323, "price": "3434.19000000", "qty": "0.21520000", "quoteQty": "739.03768800", "time": 1633508280267, "isBuyerMaker": true, "isBestMatch": true}, {"id": 624132324, "price": "3434.17000000", "qty": "1.23710000", "quoteQty": "4248.41170700", "time": 1633508280267, "isBuyerMaker": true, "isBestMatch": true}, {"id": 624132325, "price": "3433.78000000", "qty": "0.24000000", "quoteQty": "824.10720000", "time": 1633508280606, "isBuyerMaker": false, "isBestMatch": true}, {"id": 624132326, "price": "3434.15000000", "qty": "2.86020000", "quoteQty": "9822.35583000", "time": 1633508280647, "isBuyerMaker": false, "isBestMatch": true}, {"id": 624132327, "price": "3434.16000000", "qty": "0.95980000", "quoteQty": "3296.10676800", "time": 1633508280647, "isBuyerMaker": false, "isBestMatch": true}, {"id": 624132328, "price": "3434.18000000", "qty": "0.03230000", "quoteQty": "110.92401400", "time": 1633508280647, "isBuyerMaker": false, "isBestMatch": true}, {"id": 624132329, "price": "3434.24000000", "qty": "0.01010000", "quoteQty": "34.68582400", "time": 1633508281199, "isBuyerMaker": true, "isBestMatch": true}, {"id": 624132330, "price": "3434.28000000", "qty": "0.51480000", "quoteQty": "1767.96734400", "time": 1633508283378, "isBuyerMaker": true, "isBestMatch": true}, {"id": 624132331, "price": "3434.28000000", "qty": "0.51460000", "quoteQty": "1767.28048800", "time": 1633508283378, "isBuyerMaker": true, "isBestMatch": true}, {"id": 624132332, "price": "3434.28000000", "qty": "0.48000000", "quoteQty": "1648.45440000", "time": 1633508283378, "isBuyerMaker": true, "isBestMatch": true}, {"id": 624132333, "price": "3434.28000000", "qty": "0.15750000", "quoteQty": "540.89910000", "time": 1633508283378, "isBuyerMaker": true, "isBestMatch": true}, {"id": 624132334, "price": "3434.28000000", "qty": "0.01450000", "quoteQty": "49.79706000", "time": 1633508283781, "isBuyerMaker": true, "isBestMatch": true}, {"id": 624132335, "price": "3434.28000000", "qty": "0.00300000", "quoteQty": "10.30284000", "time": 1633508283944, "isBuyerMaker": true, "isBestMatch": true}, {"id": 624132336, "price": "3434.29000000", "qty": "0.02910000", "quoteQty": "99.93783900", "time": 1633508283994, "isBuyerMaker": false, "isBestMatch": true}, {"id": 624132337, "price": "3434.29000000", "qty": "0.00310000", "quoteQty": "10.64629900", "time": 1633508283994, "isBuyerMaker": false, "isBestMatch": true}, {"id": 624132338, "price": "3434.29000000", "qty": "0.00380000", "quoteQty": "13.05030200", "time": 1633508283994, "isBuyerMaker": false, "isBestMatch": true}, {"id": 624132339, "price": "3434.29000000", "qty": "0.00400000", "quoteQty": "13.73716000", "time": 1633508283994, "isBuyerMaker": false, "isBestMatch": true}, {"id": 624132340, "price": "3434.29000000", "qty": "0.00370000", "quoteQty": "12.70687300", "time": 1633508283994, "isBuyerMaker": false, "isBestMatch": true}, {"id": 624132341, "price": "3434.29000000", "qty": "0.00510000", "quoteQty": "17.51487900", "time": 1633508283994, "isBuyerMaker": false, "isBestMatch": true}, {"id": 624132342, "price": "3434.29000000", "qty": "0.25000000", "quoteQty": "858.57250000", "time": 1633508283994, "isBuyerMaker": false, "isBestMatch": true}, {"id": 624132343, "price": "3434.29000000", "qty": "0.42930000", "quoteQty": "1474.34069700", "time": 1633508283994, "isBuyerMaker": false, "isBestMatch": true}, {"id": 624132344, "price": "3434.29000000", "qty": "0.42790000", "quoteQty": "1469.53269100", "time": 1633508283994, "isBuyerMaker": false, "isBestMatch": true}, {"id": 624132345, "price": "3434.29000000", "qty": "0.24000000", "quoteQty": "824.22960000", "time": 1633508283994, "isBuyerMaker": false, "isBestMatch": true}, {"id": 624132346, "price": "3434.48000000", "qty": "0.04000000", "quoteQty": "137.37920000", "time": 1633508284209, "isBuyerMaker": false, "isBestMatch": true}, {"id": 624132347, "price": "3434.48000000", "qty": "0.27040000", "quoteQty": "928.68339200", "time": 1633508284410, "isBuyerMaker": false, "isBestMatch": true}, {"id": 624132348, "price": "3434.47000000", "qty": "0.02180000", "quoteQty": "74.87144600", "time": 1633508285131, "isBuyerMaker": true, "isBestMatch": true}, {"id": 624132349, "price": "3434.47000000", "qty": "0.07700000", "quoteQty": "264.45419000", "time": 1633508286208, "isBuyerMaker": true, "isBestMatch": true}, {"id": 624132350, "price": "3434.47000000", "qty": "0.35170000", "quoteQty": "1207.90309900", "time": 1633508286324, "isBuyerMaker": true, "isBestMatch": true}, {"id": 624132351, "price": "3434.48000000", "qty": "0.02200000", "quoteQty": "75.55856000", "time": 1633508286580, "isBuyerMaker": false, "isBestMatch": true}, {"id": 624132352, "price": "3434.48000000", "qty": "0.22800000", "quoteQty": "783.06144000", "time": 1633508286590, "isBuyerMaker": false, "isBestMatch": true}, {"id": 624132353, "price": "3434.48000000", "qty": "0.00300000", "quoteQty": "10.30344000", "time": 1633508286590, "isBuyerMaker": false, "isBestMatch": true}, {"id": 624132354, "price": "3434.48000000", "qty": "0.00440000", "quoteQty": "15.11171200", "time": 1633508286590, "isBuyerMaker": false, "isBestMatch": true}, {"id": 624132355, "price": "3434.48000000", "qty": "0.42930000", "quoteQty": "1474.42226400", "time": 1633508286590, "isBuyerMaker": false, "isBestMatch": true}, {"id": 624132356, "price": "3434.48000000", "qty": "0.24000000", "quoteQty": "824.27520000", "time": 1633508286590, "isBuyerMaker": false, "isBestMatch": true}, {"id": 624132357, "price": "3434.48000000", "qty": "0.23280000", "quoteQty": "799.54694400", "time": 1633508286590, "isBuyerMaker": false, "isBestMatch": true}, {"id": 624132358, "price": "3434.48000000", "qty": "0.27270000", "quoteQty": "936.58269600", "time": 1633508286590, "isBuyerMaker": false, "isBestMatch": true}, {"id": 624132359, "price": "3434.48000000", "qty": "0.00300000", "quoteQty": "10.30344000", "time": 1633508286728, "isBuyerMaker": false, "isBestMatch": true}, {"id": 624132360, "price": "3434.48000000", "qty": "0.00450000", "quoteQty": "15.45516000", "time": 1633508286728, "isBuyerMaker": false, "isBestMatch": true}, {"id": 624132361, "price": "3434.48000000", "qty": "0.00370000", "quoteQty": "12.70757600", "time": 1633508286728, "isBuyerMaker": false, "isBestMatch": true}, {"id": 624132362, "price": "3434.48000000", "qty": "0.15530000", "quoteQty": "533.37474400", "time": 1633508286728, "isBuyerMaker": false, "isBestMatch": true}, {"id": 624132363, "price": "3434.48000000", "qty": "0.00460000", "quoteQty": "15.79860800", "time": 1633508287110, "isBuyerMaker": false, "isBestMatch": true}, {"id": 624132364, "price": "3434.48000000", "qty": "0.00410000", "quoteQty": "14.08136800", "time": 1633508287110, "isBuyerMaker": false, "isBestMatch": true}, {"id": 624132365, "price": "3434.48000000", "qty": "0.01670000", "quoteQty": "57.35581600", "time": 1633508287110, "isBuyerMaker": false, "isBestMatch": true}, {"id": 624132366, "price": "3434.47000000", "qty": "0.46570000", "quoteQty": "1599.43267900", "time": 1633508287246, "isBuyerMaker": true, "isBestMatch": true}, {"id": 624132367, "price": "3434.48000000", "qty": "0.23330000", "quoteQty": "801.26418400", "time": 1633508287391, "isBuyerMaker": false, "isBestMatch": true}, {"id": 624132368, "price": "3434.48000000", "qty": "0.17050000", "quoteQty": "585.57884000", "time": 1633508287391, "isBuyerMaker": false, "isBestMatch": true}, {"id": 624132369, "price": "3434.48000000", "qty": "0.12170000", "quoteQty": "417.97621600", "time": 1633508287614, "isBuyerMaker": false, "isBestMatch": true}, {"id": 624132370, "price": "3434.47000000", "qty": "0.50000000", "quoteQty": "1717.23500000", "time": 1633508287667, "isBuyerMaker": true, "isBestMatch": true}, {"id": 624132371, "price": "3434.48000000", "qty": "0.00580000", "quoteQty": "19.91998400", "time": 1633508287699, "isBuyerMaker": false, "isBestMatch": true}, {"id": 624132372, "price": "3434.47000000", "qty": "0.09490000", "quoteQty": "325.93120300", "time": 1633508288269, "isBuyerMaker": true, "isBestMatch": true}, {"id": 624132373, "price": "3434.48000000", "qty": "0.06120000", "quoteQty": "210.19017600", "time": 1633508288270, "isBuyerMaker": false, "isBestMatch": true}, {"id": 624132374, "price": "3434.48000000", "qty": "0.00420000", "quoteQty": "14.42481600", "time": 1633508288270, "isBuyerMaker": false, "isBestMatch": true}, {"id": 624132375, "price": "3434.48000000", "qty": "0.04520000", "quoteQty": "155.23849600", "time": 1633508288270, "isBuyerMaker": false, "isBestMatch": true}, {"id": 624132376, "price": "3434.48000000", "qty": "0.17420000", "quoteQty": "598.28641600", "time": 1633508288278, "isBuyerMaker": false, "isBestMatch": true}, {"id": 624132377, "price": "3434.48000000", "qty": "0.02240000", "quoteQty": "76.93235200", "time": 1633508288278, "isBuyerMaker": false, "isBestMatch": true}, {"id": 624132378, "price": "3434.71000000", "qty": "0.00430000", "quoteQty": "14.76925300", "time": 1633508288330, "isBuyerMaker": false, "isBestMatch": true}, {"id": 624132379, "price": "3434.71000000", "qty": "0.22850000", "quoteQty": "784.83123500", "time": 1633508288398, "isBuyerMaker": false, "isBestMatch": true}, {"id": 624132380, "price": "3434.71000000", "qty": "1.24420000", "quoteQty": "4273.46618200", "time": 1633508288398, "isBuyerMaker": false, "isBestMatch": true}, {"id": 624132381, "price": "3434.73000000", "qty": "0.23280000", "quoteQty": "799.60514400", "time": 1633508288398, "isBuyerMaker": false, "isBestMatch": true}, {"id": 624132382, "price": "3434.81000000", "qty": "0.99180000", "quoteQty": "3406.64455800", "time": 1633508288398, "isBuyerMaker": false, "isBestMatch": true}, {"id": 624132383, "price": "3434.82000000", "qty": "0.33340000", "quoteQty": "1145.16898800", "time": 1633508288398, "isBuyerMaker": false, "isBestMatch": true}, {"id": 624132384, "price": "3434.87000000", "qty": "0.96930000", "quoteQty": "3329.41949100", "time": 1633508288398, "isBuyerMaker": false, "isBestMatch": true}, {"id": 624132385, "price": "3434.86000000", "qty": "0.22840000", "quoteQty": "784.52202400", "time": 1633508288505, "isBuyerMaker": true, "isBestMatch": true}, {"id": 624132386, "price": "3434.87000000", "qty": "0.48000000", "quoteQty": "1648.73760000", "time": 1633508288534, "isBuyerMaker": true, "isBestMatch": true}, {"id": 624132387, "price": "3434.87000000", "qty": "0.13160000", "quoteQty": "452.02889200", "time": 1633508288534, "isBuyerMaker": true, "isBestMatch": true}, {"id": 624132388, "price": "3434.87000000", "qty": "0.74030000", "quoteQty": "2542.83426100", "time": 1633508288588, "isBuyerMaker": true, "isBestMatch": true}, {"id": 624132389, "price": "3434.86000000", "qty": "0.01320000", "quoteQty": "45.34015200", "time": 1633508288641, "isBuyerMaker": true, "isBestMatch": true}, {"id": 624132390, "price": "3434.86000000", "qty": "0.02240000", "quoteQty": "76.94086400", "time": 1633508288685, "isBuyerMaker": true, "isBestMatch": true}, {"id": 624132391, "price": "3434.86000000", "qty": "0.20440000", "quoteQty": "702.08538400", "time": 1633508288708, "isBuyerMaker": true, "isBestMatch": true}, {"id": 624132392, "price": "3434.63000000", "qty": "1.07270000", "quoteQty": "3684.32760100", "time": 1633508288708, "isBuyerMaker": true, "isBestMatch": true}, {"id": 624132393, "price": "3434.62000000", "qty": "2.50000000", "quoteQty": "8586.55000000", "time": 1633508288708, "isBuyerMaker": true, "isBestMatch": true}, {"id": 624132394, "price": "3434.49000000", "qty": "1.01400000", "quoteQty": "3482.57286000", "time": 1633508288708, "isBuyerMaker": true, "isBestMatch": true}, {"id": 624132395, "price": "3434.48000000", "qty": "1.10610000", "quoteQty": "3798.87832800", "time": 1633508288708, "isBuyerMaker": true, "isBestMatch": true}, {"id": 624132396, "price": "3434.48000000", "qty": "0.33380000", "quoteQty": "1146.42942400", "time": 1633508288893, "isBuyerMaker": false, "isBestMatch": true}, {"id": 624132397, "price": "3434.48000000", "qty": "0.29080000", "quoteQty": "998.74678400", "time": 1633508289362, "isBuyerMaker": false, "isBestMatch": true}, {"id": 624132398, "price": "3434.47000000", "qty": "0.00750000", "quoteQty": "25.75852500", "time": 1633508289715, "isBuyerMaker": true, "isBestMatch": true}, {"id": 624132399, "price": "3434.48000000", "qty": "0.48820000", "quoteQty": "1676.71313600", "time": 1633508289744, "isBuyerMaker": false, "isBestMatch": true}, {"id": 624132400, "price": "3434.47000000", "qty": "0.21530000", "quoteQty": "739.44139100", "time": 1633508289871, "isBuyerMaker": true, "isBestMatch": true}, {"id": 624132401, "price": "3434.48000000", "qty": "2.99000000", "quoteQty": "10269.09520000", "time": 1633508290482, "isBuyerMaker": false, "isBestMatch": true}, {"id": 624132402, "price": "3434.48000000", "qty": "1.11300000", "quoteQty": "3822.57624000", "time": 1633508290482, "isBuyerMaker": false, "isBestMatch": true}, {"id": 624132403, "price": "3434.48000000", "qty": "0.24000000", "quoteQty": "824.27520000", "time": 1633508290482, "isBuyerMaker": false, "isBestMatch": true}, {"id": 624132404, "price": "3434.48000000", "qty": "0.24030000", "quoteQty": "825.30554400", "time": 1633508290482, "isBuyerMaker": false, "isBestMatch": true}, {"id": 624132405, "price": "3434.82000000", "qty": "1.00770000", "quoteQty": "3461.26811400", "time": 1633508290482, "isBuyerMaker": false, "isBestMatch": true}, {"id": 624132406, "price": "3434.83000000", "qty": "1.50000000", "quoteQty": "5152.24500000", "time": 1633508290482, "isBuyerMaker": false, "isBestMatch": true}, {"id": 624132407, "price": "3434.83000000", "qty": "3.29780000", "quoteQty": "11327.38237400", "time": 1633508290482, "isBuyerMaker": false, "isBestMatch": true}, {"id": 624132408, "price": "3434.87000000", "qty": "2.00790000", "quoteQty": "6896.87547300", "time": 1633508290482, "isBuyerMaker": false, "isBestMatch": true}, {"id": 624132409, "price": "3434.87000000", "qty": "1.31530000", "quoteQty": "4517.88451100", "time": 1633508290482, "isBuyerMaker": false, "isBestMatch": true}, {"id": 624132410, "price": "3434.87000000", "qty": "0.06860000", "quoteQty": "235.63208200", "time": 1633508290484, "isBuyerMaker": false, "isBestMatch": true}, {"id": 624132411, "price": "3434.48000000", "qty": "0.03420000", "quoteQty": "117.45921600", "time": 1633508290503, "isBuyerMaker": true, "isBestMatch": true}, {"id": 624132412, "price": "3434.76000000", "qty": "0.67060000", "quoteQty": "2303.35005600", "time": 1633508290517, "isBuyerMaker": false, "isBestMatch": true}, {"id": 624132413, "price": "3434.74000000", "qty": "0.43860000", "quoteQty": "1506.47696400", "time": 1633508290537, "isBuyerMaker": false, "isBestMatch": true}, {"id": 624132414, "price": "3434.74000000", "qty": "0.24660000", "quoteQty": "847.00688400", "time": 1633508290551, "isBuyerMaker": false, "isBestMatch": true}, {"id": 624132415, "price": "3434.77000000", "qty": "0.36870000", "quoteQty": "1266.39969900", "time": 1633508290551, "isBuyerMaker": false, "isBestMatch": true}, {"id": 624132416, "price": "3434.77000000", "qty": "0.02960000", "quoteQty": "101.66919200", "time": 1633508290587, "isBuyerMaker": false, "isBestMatch": true}, {"id": 624132417, "price": "3434.77000000", "qty": "0.04030000", "quoteQty": "138.42123100", "time": 1633508290638, "isBuyerMaker": false, "isBestMatch": true}, {"id": 624132418, "price": "3434.76000000", "qty": "0.56620000", "quoteQty": "1944.76111200", "time": 1633508290696, "isBuyerMaker": true, "isBestMatch": true}, {"id": 624132419, "price": "3434.77000000", "qty": "0.00010000", "quoteQty": "0.34347700", "time": 1633508290939, "isBuyerMaker": false, "isBestMatch": true}, {"id": 624132420, "price": "3434.77000000", "qty": "0.11950000", "quoteQty": "410.45501500", "time": 1633508290939, "isBuyerMaker": false, "isBestMatch": true}, {"id": 624132421, "price": "3434.77000000", "qty": "0.70750000", "quoteQty": "2430.09977500", "time": 1633508290990, "isBuyerMaker": false, "isBestMatch": true}, {"id": 624132422, "price": "3434.77000000", "qty": "0.54950000", "quoteQty": "1887.40611500", "time": 1633508291037, "isBuyerMaker": false, "isBestMatch": true}, {"id": 624132423, "price": "3434.77000000", "qty": "0.69700000", "quoteQty": "2394.03469000", "time": 1633508291039, "isBuyerMaker": false, "isBestMatch": true}, {"id": 624132424, "price": "3434.99000000", "qty": "0.07510000", "quoteQty": "257.96774900", "time": 1633508291085, "isBuyerMaker": false, "isBestMatch": true}, {"id": 624132425, "price": "3435.00000000", "qty": "0.74840000", "quoteQty": "2570.75400000", "time": 1633508291137, "isBuyerMaker": false, "isBestMatch": true}, {"id": 624132426, "price": "3435.00000000", "qty": "0.10310000", "quoteQty": "354.14850000", "time": 1633508291186, "isBuyerMaker": false, "isBestMatch": true}, {"id": 624132427, "price": "3435.00000000", "qty": "0.00010000", "quoteQty": "0.34350000", "time": 1633508291295, "isBuyerMaker": false, "isBestMatch": true}, {"id": 624132428, "price": "3435.00000000", "qty": "0.68790000", "quoteQty": "2362.93650000", "time": 1633508291295, "isBuyerMaker": false, "isBestMatch": true}, {"id": 624132429, "price": "3435.00000000", "qty": "1.71210000", "quoteQty": "5881.06350000", "time": 1633508291334, "isBuyerMaker": false, "isBestMatch": true}, {"id": 624132430, "price": "3435.08000000", "qty": "1.26090000", "quoteQty": "4331.29237200", "time": 1633508291334, "isBuyerMaker": false, "isBestMatch": true}, {"id": 624132431, "price": "3435.08000000", "qty": "0.46840000", "quoteQty": "1608.99147200", "time": 1633508291334, "isBuyerMaker": false, "isBestMatch": true}, {"id": 624132432, "price": "3435.09000000", "qty": "0.73850000", "quoteQty": "2536.81396500", "time": 1633508291342, "isBuyerMaker": false, "isBestMatch": true}, {"id": 624132433, "price": "3435.09000000", "qty": "1.06150000", "quoteQty": "3646.34803500", "time": 1633508291789, "isBuyerMaker": false, "isBestMatch": true}, {"id": 624132434, "price": "3435.09000000", "qty": "0.19110000", "quoteQty": "656.44569900", "time": 1633508291789, "isBuyerMaker": false, "isBestMatch": true}, {"id": 624132435, "price": "3435.09000000", "qty": "0.02660000", "quoteQty": "91.37339400", "time": 1633508291789, "isBuyerMaker": false, "isBestMatch": true}, {"id": 624132436, "price": "3435.09000000", "qty": "0.04360000", "quoteQty": "149.76992400", "time": 1633508291842, "isBuyerMaker": false, "isBestMatch": true}, {"id": 624132437, "price": "3435.08000000", "qty": "0.50350000", "quoteQty": "1729.56278000", "time": 1633508291846, "isBuyerMaker": true, "isBestMatch": true}, {"id": 624132438, "price": "3435.08000000", "qty": "0.10540000", "quoteQty": "362.05743200", "time": 1633508291846, "isBuyerMaker": true, "isBestMatch": true}, {"id": 624132439, "price": "3435.09000000", "qty": "0.05090000", "quoteQty": "174.84608100", "time": 1633508292138, "isBuyerMaker": false, "isBestMatch": true}, {"id": 624132440, "price": "3435.08000000", "qty": "0.62250000", "quoteQty": "2138.33730000", "time": 1633508292624, "isBuyerMaker": true, "isBestMatch": true}, {"id": 624132441, "price": "3435.09000000", "qty": "0.06500000", "quoteQty": "223.28085000", "time": 1633508292735, "isBuyerMaker": false, "isBestMatch": true}, {"id": 624132442, "price": "3435.09000000", "qty": "0.08050000", "quoteQty": "276.52474500", "time": 1633508292788, "isBuyerMaker": false, "isBestMatch": true}, {"id": 624132443, "price": "3435.09000000", "qty": "0.07220000", "quoteQty": "248.01349800", "time": 1633508292788, "isBuyerMaker": false, "isBestMatch": true}, {"id": 624132444, "price": "3435.09000000", "qty": "0.04220000", "quoteQty": "144.96079800", "time": 1633508293031, "isBuyerMaker": false, "isBestMatch": true}, {"id": 624132445, "price": "3435.08000000", "qty": "0.07050000", "quoteQty": "242.17314000", "time": 1633508293082, "isBuyerMaker": true, "isBestMatch": true}, {"id": 624132446, "price": "3435.09000000", "qty": "1.00210000", "quoteQty": "3442.30368900", "time": 1633508293127, "isBuyerMaker": false, "isBestMatch": true}, {"id": 624132447, "price": "3435.09000000", "qty": "0.00310000", "quoteQty": "10.64877900", "time": 1633508293238, "isBuyerMaker": false, "isBestMatch": true}, {"id": 624132448, "price": "3435.09000000", "qty": "0.09450000", "quoteQty": "324.61600500", "time": 1633508293238, "isBuyerMaker": false, "isBestMatch": true}, {"id": 624132449, "price": "3435.09000000", "qty": "0.06500000", "quoteQty": "223.28085000", "time": 1633508293238, "isBuyerMaker": false, "isBestMatch": true}, {"id": 624132450, "price": "3435.09000000", "qty": "0.08050000", "quoteQty": "276.52474500", "time": 1633508293238, "isBuyerMaker": false, "isBestMatch": true}, {"id": 624132451, "price": "3435.17000000", "qty": "0.12350000", "quoteQty": "424.24349500", "time": 1633508293238, "isBuyerMaker": false, "isBestMatch": true}, {"id": 624132452, "price": "3435.16000000", "qty": "0.63400000", "quoteQty": "2177.89144000", "time": 1633508293281, "isBuyerMaker": true, "isBestMatch": true}, {"id": 624132453, "price": "3435.17000000", "qty": "0.44040000", "quoteQty": "1512.84886800", "time": 1633508293293, "isBuyerMaker": false, "isBestMatch": true}, {"id": 624132454, "price": "3435.17000000", "qty": "1.35960000", "quoteQty": "4670.45713200", "time": 1633508293320, "isBuyerMaker": false, "isBestMatch": true}, {"id": 624132455, "price": "3435.22000000", "qty": "0.20000000", "quoteQty": "687.04400000", "time": 1633508293320, "isBuyerMaker": false, "isBestMatch": true}, {"id": 624132456, "price": "3435.32000000", "qty": "0.32700000", "quoteQty": "1123.34964000", "time": 1633508293323, "isBuyerMaker": false, "isBestMatch": true}, {"id": 624132457, "price": "3435.33000000", "qty": "0.74660000", "quoteQty": "2564.81737800", "time": 1633508293323, "isBuyerMaker": false, "isBestMatch": true}, {"id": 624132458, "price": "3435.46000000", "qty": "1.00510000", "quoteQty": "3452.98084600", "time": 1633508293334, "isBuyerMaker": false, "isBestMatch": true}, {"id": 624132459, "price": "3435.46000000", "qty": "1.25670000", "quoteQty": "4317.34258200", "time": 1633508293347, "isBuyerMaker": false, "isBestMatch": true}, {"id": 624132460, "price": "3435.46000000", "qty": "0.54330000", "quoteQty": "1866.48541800", "time": 1633508293350, "isBuyerMaker": false, "isBestMatch": true}, {"id": 624132461, "price": "3435.59000000", "qty": "0.23280000", "quoteQty": "799.80535200", "time": 1633508293379, "isBuyerMaker": false, "isBestMatch": true}, {"id": 624132462, "price": "3435.94000000", "qty": "0.37910000", "quoteQty": "1302.56485400", "time": 1633508293525, "isBuyerMaker": false, "isBestMatch": true}, {"id": 624132463, "price": "3435.94000000", "qty": "0.14210000", "quoteQty": "488.24707400", "time": 1633508293601, "isBuyerMaker": false, "isBestMatch": true}, {"id": 624132464, "price": "3435.93000000", "qty": "1.37660000", "quoteQty": "4729.90123800", "time": 1633508293900, "isBuyerMaker": true, "isBestMatch": true}, {"id": 624132465, "price": "3435.93000000", "qty": "0.36850000", "quoteQty": "1266.14020500", "time": 1633508294355, "isBuyerMaker": true, "isBestMatch": true}, {"id": 624132466, "price": "3435.94000000", "qty": "0.09990000", "quoteQty": "343.25040600", "time": 1633508294536, "isBuyerMaker": false, "isBestMatch": true}, {"id": 624132467, "price": "3435.96000000", "qty": "0.00470000", "quoteQty": "16.14901200", "time": 1633508294536, "isBuyerMaker": false, "isBestMatch": true}, {"id": 624132468, "price": "3435.96000000", "qty": "0.09520000", "quoteQty": "327.10339200", "time": 1633508294580, "isBuyerMaker": false, "isBestMatch": true}, {"id": 624132469, "price": "3435.98000000", "qty": "0.09980000", "quoteQty": "342.91080400", "time": 1633508294580, "isBuyerMaker": false, "isBestMatch": true}, {"id": 624132470, "price": "3436.28000000", "qty": "0.01090000", "quoteQty": "37.45545200", "time": 1633508294841, "isBuyerMaker": true, "isBestMatch": true}, {"id": 624132471, "price": "3436.29000000", "qty": "0.00760000", "quoteQty": "26.11580400", "time": 1633508294953, "isBuyerMaker": false, "isBestMatch": true}, {"id": 624132472, "price": "3436.29000000", "qty": "0.00010000", "quoteQty": "0.34362900", "time": 1633508295398, "isBuyerMaker": false, "isBestMatch": true}, {"id": 624132473, "price": "3436.65000000", "qty": "0.00520000", "quoteQty": "17.87058000", "time": 1633508295398, "isBuyerMaker": false, "isBestMatch": true}, {"id": 624132474, "price": "3436.86000000", "qty": "0.00840000", "quoteQty": "28.86962400", "time": 1633508295398, "isBuyerMaker": false, "isBestMatch": true}, {"id": 624132475, "price": "3436.85000000", "qty": "0.14970000", "quoteQty": "514.49644500", "time": 1633508295511, "isBuyerMaker": true, "isBestMatch": true}, {"id": 624132476, "price": "3436.86000000", "qty": "0.06050000", "quoteQty": "207.93003000", "time": 1633508296098, "isBuyerMaker": false, "isBestMatch": true}, {"id": 624132477, "price": "3436.86000000", "qty": "0.00890000", "quoteQty": "30.58805400", "time": 1633508296440, "isBuyerMaker": false, "isBestMatch": true}, {"id": 624132478, "price": "3436.86000000", "qty": "0.00490000", "quoteQty": "16.84061400", "time": 1633508296440, "isBuyerMaker": false, "isBestMatch": true}, {"id": 624132479, "price": "3436.94000000", "qty": "0.08730000", "quoteQty": "300.04486200", "time": 1633508296440, "isBuyerMaker": false, "isBestMatch": true}, {"id": 624132480, "price": "3437.00000000", "qty": "0.02400000", "quoteQty": "82.48800000", "time": 1633508296440, "isBuyerMaker": false, "isBestMatch": true}, {"id": 624132481, "price": "3437.13000000", "qty": "0.19930000", "quoteQty": "685.02000900", "time": 1633508296440, "isBuyerMaker": false, "isBestMatch": true}, {"id": 624132482, "price": "3437.14000000", "qty": "0.56730000", "quoteQty": "1949.88952200", "time": 1633508296440, "isBuyerMaker": false, "isBestMatch": true}, {"id": 624132483, "price": "3437.32000000", "qty": "0.91440000", "quoteQty": "3143.08540800", "time": 1633508296440, "isBuyerMaker": false, "isBestMatch": true}, {"id": 624132484, "price": "3437.32000000", "qty": "0.26280000", "quoteQty": "903.32769600", "time": 1633508296440, "isBuyerMaker": false, "isBestMatch": true}, {"id": 624132485, "price": "3437.33000000", "qty": "1.08160000", "quoteQty": "3717.81612800", "time": 1633508296440, "isBuyerMaker": false, "isBestMatch": true}, {"id": 624132486, "price": "3437.16000000", "qty": "0.10470000", "quoteQty": "359.87065200", "time": 1633508296539, "isBuyerMaker": false, "isBestMatch": true}, {"id": 624132487, "price": "3437.15000000", "qty": "0.41480000", "quoteQty": "1425.72982000", "time": 1633508296746, "isBuyerMaker": true, "isBestMatch": true}, {"id": 624132488, "price": "3437.15000000", "qty": "0.06520000", "quoteQty": "224.10218000", "time": 1633508297050, "isBuyerMaker": true, "isBestMatch": true}, {"id": 624132489, "price": "3437.15000000", "qty": "1.19660000", "quoteQty": "4112.89369000", "time": 1633508297050, "isBuyerMaker": true, "isBestMatch": true}, {"id": 624132490, "price": "3437.15000000", "qty": "0.16570000", "quoteQty": "569.53575500", "time": 1633508297050, "isBuyerMaker": true, "isBestMatch": true}, {"id": 624132491, "price": "3437.15000000", "qty": "0.15000000", "quoteQty": "515.57250000", "time": 1633508297051, "isBuyerMaker": true, "isBestMatch": true}, {"id": 624132492, "price": "3437.00000000", "qty": "0.00690000", "quoteQty": "23.71530000", "time": 1633508297067, "isBuyerMaker": true, "isBestMatch": true}, {"id": 624132493, "price": "3436.86000000", "qty": "0.43870000", "quoteQty": "1507.75048200", "time": 1633508297099, "isBuyerMaker": true, "isBestMatch": true}, {"id": 624132494, "price": "3436.86000000", "qty": "0.05350000", "quoteQty": "183.87201000", "time": 1633508297099, "isBuyerMaker": true, "isBestMatch": true}, {"id": 624132495, "price": "3436.86000000", "qty": "0.88810000", "quoteQty": "3052.27536600", "time": 1633508297099, "isBuyerMaker": true, "isBestMatch": true}, {"id": 624132496, "price": "3436.85000000", "qty": "0.06060000", "quoteQty": "208.27311000", "time": 1633508297099, "isBuyerMaker": true, "isBestMatch": true}, {"id": 624132497, "price": "3436.85000000", "qty": "0.10470000", "quoteQty": "359.83819500", "time": 1633508297099, "isBuyerMaker": true, "isBestMatch": true}, {"id": 624132498, "price": "3436.85000000", "qty": "0.00310000", "quoteQty": "10.65423500", "time": 1633508297099, "isBuyerMaker": true, "isBestMatch": true}, {"id": 624132499, "price": "3436.83000000", "qty": "0.06060000", "quoteQty": "208.27189800", "time": 1633508297103, "isBuyerMaker": true, "isBestMatch": true}, {"id": 624132500, "price": "3436.39000000", "qty": "0.23260000", "quoteQty": "799.30431400", "time": 1633508297159, "isBuyerMaker": true, "isBestMatch": true}, {"id": 624132501, "price": "3436.38000000", "qty": "0.10360000", "quoteQty": "356.00896800", "time": 1633508297159, "isBuyerMaker": true, "isBestMatch": true}, {"id": 624132502, "price": "3436.28000000", "qty": "0.10000000", "quoteQty": "343.62800000", "time": 1633508297707, "isBuyerMaker": true, "isBestMatch": true}, {"id": 624132503, "price": "3436.29000000", "qty": "0.00580000", "quoteQty": "19.93048200", "time": 1633508297843, "isBuyerMaker": true, "isBestMatch": true}, {"id": 624132504, "price": "3436.41000000", "qty": "0.20730000", "quoteQty": "712.36779300", "time": 1633508297948, "isBuyerMaker": true, "isBestMatch": true}, {"id": 624132505, "price": "3436.58000000", "qty": "0.06100000", "quoteQty": "209.63138000", "time": 1633508297992, "isBuyerMaker": false, "isBestMatch": true}, {"id": 624132506, "price": "3436.58000000", "qty": "0.01370000", "quoteQty": "47.08114600", "time": 1633508298022, "isBuyerMaker": false, "isBestMatch": true}, {"id": 624132507, "price": "3436.57000000", "qty": "0.84000000", "quoteQty": "2886.71880000", "time": 1633508298089, "isBuyerMaker": true, "isBestMatch": true}, {"id": 624132508, "price": "3436.41000000", "qty": "0.15050000", "quoteQty": "517.17970500", "time": 1633508298089, "isBuyerMaker": true, "isBestMatch": true}, {"id": 624132509, "price": "3436.41000000", "qty": "0.00870000", "quoteQty": "29.89676700", "time": 1633508298129, "isBuyerMaker": true, "isBestMatch": true}, {"id": 624132510, "price": "3436.41000000", "qty": "0.04080000", "quoteQty": "140.20552800", "time": 1633508298141, "isBuyerMaker": true, "isBestMatch": true}, {"id": 624132511, "price": "3436.37000000", "qty": "1.75030000", "quoteQty": "6014.67841100", "time": 1633508298141, "isBuyerMaker": true, "isBestMatch": true}, {"id": 624132512, "price": "3436.36000000", "qty": "0.20000000", "quoteQty": "687.27200000", "time": 1633508298141, "isBuyerMaker": true, "isBestMatch": true}, {"id": 624132513, "price": "3436.32000000", "qty": "0.40910000", "quoteQty": "1405.79851200", "time": 1633508298141, "isBuyerMaker": true, "isBestMatch": true}, {"id": 624132514, "price": "3436.29000000", "qty": "0.04520000", "quoteQty": "155.32030800", "time": 1633508298383, "isBuyerMaker": false, "isBestMatch": true}, {"id": 624132515, "price": "3436.29000000", "qty": "0.00580000", "quoteQty": "19.93048200", "time": 1633508298537, "isBuyerMaker": false, "isBestMatch": true}, {"id": 624132516, "price": "3436.29000000", "qty": "0.01370000", "quoteQty": "47.07717300", "time": 1633508298767, "isBuyerMaker": false, "isBestMatch": true}, {"id": 624132517, "price": "3436.28000000", "qty": "0.20000000", "quoteQty": "687.25600000", "time": 1633508298988, "isBuyerMaker": true, "isBestMatch": true}, {"id": 624132518, "price": "3436.28000000", "qty": "0.20720000", "quoteQty": "711.99721600", "time": 1633508299177, "isBuyerMaker": true, "isBestMatch": true}, {"id": 624132519, "price": "3436.28000000", "qty": "0.94030000", "quoteQty": "3231.13408400", "time": 1633508299376, "isBuyerMaker": true, "isBestMatch": true}, {"id": 624132520, "price": "3436.28000000", "qty": "0.10000000", "quoteQty": "343.62800000", "time": 1633508299376, "isBuyerMaker": true, "isBestMatch": true}, {"id": 624132521, "price": "3436.28000000", "qty": "1.00010000", "quoteQty": "3436.62362800", "time": 1633508299376, "isBuyerMaker": true, "isBestMatch": true}, {"id": 624132522, "price": "3436.29000000", "qty": "0.01370000", "quoteQty": "47.07717300", "time": 1633508299994, "isBuyerMaker": false, "isBestMatch": true}, {"id": 624132523, "price": "3436.61000000", "qty": "0.14430000", "quoteQty": "495.90282300", "time": 1633508300163, "isBuyerMaker": false, "isBestMatch": true}, {"id": 624132524, "price": "3436.60000000", "qty": "0.10000000", "quoteQty": "343.66000000", "time": 1633508300223, "isBuyerMaker": true, "isBestMatch": true}, {"id": 624132525, "price": "3436.60000000", "qty": "0.16940000", "quoteQty": "582.16004000", "time": 1633508300223, "isBuyerMaker": true, "isBestMatch": true}, {"id": 624132526, "price": "3436.55000000", "qty": "0.02650000", "quoteQty": "91.06857500", "time": 1633508300278, "isBuyerMaker": true, "isBestMatch": true}, {"id": 624132527, "price": "3436.56000000", "qty": "0.53200000", "quoteQty": "1828.24992000", "time": 1633508300279, "isBuyerMaker": false, "isBestMatch": true}, {"id": 624132528, "price": "3436.33000000", "qty": "0.20720000", "quoteQty": "712.00757600", "time": 1633508300442, "isBuyerMaker": true, "isBestMatch": true}, {"id": 624132529, "price": "3436.34000000", "qty": "0.35220000", "quoteQty": "1210.27894800", "time": 1633508300696, "isBuyerMaker": true, "isBestMatch": true}, {"id": 624132530, "price": "3436.34000000", "qty": "0.24510000", "quoteQty": "842.24693400", "time": 1633508300696, "isBuyerMaker": true, "isBestMatch": true}, {"id": 624132531, "price": "3435.89000000", "qty": "0.01370000", "quoteQty": "47.07169300", "time": 1633508300752, "isBuyerMaker": false, "isBestMatch": true}, {"id": 624132532, "price": "3435.88000000", "qty": "0.07120000", "quoteQty": "244.63465600", "time": 1633508300780, "isBuyerMaker": false, "isBestMatch": true}, {"id": 624132533, "price": "3435.36000000", "qty": "0.08320000", "quoteQty": "285.82195200", "time": 1633508300943, "isBuyerMaker": false, "isBestMatch": true}]