[{"id": 37400780, "price": "0.37440000", "qty": "747.00000000", "quoteQty": "279.67680000", "time": 1633783830887, "isBuyerMaker": false, "isBestMatch": true}, {"id": 37400781, "price": "0.37440000", "qty": "312.00000000", "quoteQty": "116.81280000", "time": 1633783836630, "isBuyerMaker": false, "isBestMatch": true}, {"id": 37400782, "price": "0.37430000", "qty": "46.00000000", "quoteQty": "17.21780000", "time": 1633783837817, "isBuyerMaker": true, "isBestMatch": true}, {"id": 37400783, "price": "0.37440000", "qty": "53.00000000", "quoteQty": "19.84320000", "time": 1633783838658, "isBuyerMaker": false, "isBestMatch": true}, {"id": 37400784, "price": "0.37440000", "qty": "103.00000000", "quoteQty": "38.56320000", "time": 1633783839258, "isBuyerMaker": false, "isBestMatch": true}, {"id": 37400785, "price": "0.37440000", "qty": "419.00000000", "quoteQty": "156.87360000", "time": 1633783839833, "isBuyerMaker": false, "isBestMatch": true}, {"id": 37400786, "price": "0.37450000", "qty": "859.00000000", "quoteQty": "321.69550000", "time": 1633783839833, "isBuyerMaker": false, "isBestMatch": true}, {"id": 37400787, "price": "0.37450000", "qty": "188.00000000", "quoteQty": "70.40600000", "time": 1633783840592, "isBuyerMaker": false, "isBestMatch": true}, {"id": 37400788, "price": "0.37440000", "qty": "95.00000000", "quoteQty": "35.56800000", "time": 1633783840958, "isBuyerMaker": true, "isBestMatch": true}, {"id": 37400789, "price": "0.37450000", "qty": "1714.00000000", "quoteQty": "641.89300000", "time": 1633783841470, "isBuyerMaker": false, "isBestMatch": true}, {"id": 37400790, "price": "0.37450000", "qty": "1200.00000000", "quoteQty": "449.40000000", "time": 1633783841736, "isBuyerMaker": false, "isBestMatch": true}, {"id": 37400791, "price": "0.37450000", "qty": "77.00000000", "quoteQty": "28.83650000", "time": 1633783841956, "isBuyerMaker": false, "isBestMatch": true}, {"id": 37400792, "price": "0.37450000", "qty": "1686.00000000", "quoteQty": "631.40700000", "time": 1633783842010, "isBuyerMaker": false, "isBestMatch": true}, {"id": 37400793, "price": "0.37450000", "qty": "27.00000000", "quoteQty": "10.11150000", "time": 1633783843262, "isBuyerMaker": false, "isBestMatch": true}, {"id": 37400794, "price": "0.37450000", "qty": "77.00000000", "quoteQty": "28.83650000", "time": 1633783844330, "isBuyerMaker": false, "isBestMatch": true}, {"id": 37400795, "price": "0.37450000", "qty": "77.00000000", "quoteQty": "28.83650000", "time": 1633783844359, "isBuyerMaker": false, "isBestMatch": true}, {"id": 37400796, "price": "0.37450000", "qty": "13736.00000000", "quoteQty": "5144.13200000", "time": 1633783846288, "isBuyerMaker": false, "isBestMatch": true}, {"id": 37400797, "price": "0.37440000", "qty": "169.00000000", "quoteQty": "63.27360000", "time": 1633783850081, "isBuyerMaker": true, "isBestMatch": true}, {"id": 37400798, "price": "0.37430000", "qty": "209.00000000", "quoteQty": "78.22870000", "time": 1633783855279, "isBuyerMaker": true, "isBestMatch": true}, {"id": 37400799, "price": "0.37440000", "qty": "27.00000000", "quoteQty": "10.10880000", "time": 1633783860388, "isBuyerMaker": true, "isBestMatch": true}, {"id": 37400800, "price": "0.37420000", "qty": "213.00000000", "quoteQty": "79.70460000", "time": 1633783865281, "isBuyerMaker": true, "isBestMatch": true}, {"id": 37400801, "price": "0.37420000", "qty": "224.00000000", "quoteQty": "83.82080000", "time": 1633783867022, "isBuyerMaker": true, "isBestMatch": true}, {"id": 37400802, "price": "0.37420000", "qty": "326.00000000", "quoteQty": "121.98920000", "time": 1633783867022, "isBuyerMaker": true, "isBestMatch": true}, {"id": 37400803, "price": "0.37420000", "qty": "2177.00000000", "quoteQty": "814.63340000", "time": 1633783867053, "isBuyerMaker": false, "isBestMatch": true}, {"id": 37400804, "price": "0.37430000", "qty": "1040.00000000", "quoteQty": "389.27200000", "time": 1633783877891, "isBuyerMaker": false, "isBestMatch": true}, {"id": 37400805, "price": "0.37420000", "qty": "449.00000000", "quoteQty": "168.01580000", "time": 1633783881538, "isBuyerMaker": true, "isBestMatch": true}, {"id": 37400806, "price": "0.37430000", "qty": "11400.00000000", "quoteQty": "4267.02000000", "time": 1633783886087, "isBuyerMaker": false, "isBestMatch": true}, {"id": 37400807, "price": "0.37430000", "qty": "315.00000000", "quoteQty": "117.90450000", "time": 1633783886109, "isBuyerMaker": false, "isBestMatch": true}, {"id": 37400808, "price": "0.37420000", "qty": "78.00000000", "quoteQty": "29.18760000", "time": 1633783886235, "isBuyerMaker": true, "isBestMatch": true}, {"id": 37400809, "price": "0.37430000", "qty": "1405.00000000", "quoteQty": "525.89150000", "time": 1633783888455, "isBuyerMaker": false, "isBestMatch": true}, {"id": 37400810, "price": "0.37430000", "qty": "603.00000000", "quoteQty": "225.70290000", "time": 1633783890160, "isBuyerMaker": false, "isBestMatch": true}, {"id": 37400811, "price": "0.37420000", "qty": "79.00000000", "quoteQty": "29.56180000", "time": 1633783903044, "isBuyerMaker": true, "isBestMatch": true}, {"id": 37400812, "price": "0.37430000", "qty": "188.00000000", "quoteQty": "70.36840000", "time": 1633783905986, "isBuyerMaker": false, "isBestMatch": true}, {"id": 37400813, "price": "0.37420000", "qty": "3.00000000", "quoteQty": "1.12260000", "time": 1633783907878, "isBuyerMaker": true, "isBestMatch": true}, {"id": 37400814, "price": "0.37420000", "qty": "65.00000000", "quoteQty": "24.32300000", "time": 1633783907878, "isBuyerMaker": true, "isBestMatch": true}, {"id": 37400815, "price": "0.37430000", "qty": "1258.00000000", "quoteQty": "470.86940000", "time": 1633783909631, "isBuyerMaker": false, "isBestMatch": true}, {"id": 37400816, "price": "0.37430000", "qty": "50.00000000", "quoteQty": "18.71500000", "time": 1633783915889, "isBuyerMaker": false, "isBestMatch": true}, {"id": 37400817, "price": "0.37430000", "qty": "103.00000000", "quoteQty": "38.55290000", "time": 1633783916156, "isBuyerMaker": false, "isBestMatch": true}, {"id": 37400818, "price": "0.37430000", "qty": "58.00000000", "quoteQty": "21.70940000", "time": 1633783916413, "isBuyerMaker": false, "isBestMatch": true}, {"id": 37400819, "price": "0.37430000", "qty": "41.00000000", "quoteQty": "15.34630000", "time": 1633783916669, "isBuyerMaker": false, "isBestMatch": true}, {"id": 37400820, "price": "0.37420000", "qty": "120.00000000", "quoteQty": "44.90400000", "time": 1633783917468, "isBuyerMaker": true, "isBestMatch": true}, {"id": 37400821, "price": "0.37420000", "qty": "1800.00000000", "quoteQty": "673.56000000", "time": 1633783917468, "isBuyerMaker": true, "isBestMatch": true}, {"id": 37400822, "price": "0.37420000", "qty": "534.00000000", "quoteQty": "199.82280000", "time": 1633783917468, "isBuyerMaker": true, "isBestMatch": true}, {"id": 37400823, "price": "0.37420000", "qty": "287.00000000", "quoteQty": "107.39540000", "time": 1633783917556, "isBuyerMaker": false, "isBestMatch": true}, {"id": 37400824, "price": "0.37420000", "qty": "748.00000000", "quoteQty": "279.90160000", "time": 1633783917915, "isBuyerMaker": false, "isBestMatch": true}, {"id": 37400825, "price": "0.37410000", "qty": "267.00000000", "quoteQty": "99.88470000", "time": 1633783918891, "isBuyerMaker": true, "isBestMatch": true}, {"id": 37400826, "price": "0.37410000", "qty": "1478.00000000", "quoteQty": "552.91980000", "time": 1633783918891, "isBuyerMaker": true, "isBestMatch": true}, {"id": 37400827, "price": "0.37410000", "qty": "316.00000000", "quoteQty": "118.21560000", "time": 1633783918891, "isBuyerMaker": true, "isBestMatch": true}, {"id": 37400828, "price": "0.37410000", "qty": "1413.00000000", "quoteQty": "528.60330000", "time": 1633783918891, "isBuyerMaker": true, "isBestMatch": true}, {"id": 37400829, "price": "0.37400000", "qty": "29.00000000", "quoteQty": "10.84600000", "time": 1633783919156, "isBuyerMaker": true, "isBestMatch": true}, {"id": 37400830, "price": "0.37400000", "qty": "252.00000000", "quoteQty": "94.24800000", "time": 1633783919156, "isBuyerMaker": true, "isBestMatch": true}, {"id": 37400831, "price": "0.37410000", "qty": "44.00000000", "quoteQty": "16.46040000", "time": 1633783919500, "isBuyerMaker": false, "isBestMatch": true}, {"id": 37400832, "price": "0.37420000", "qty": "317.00000000", "quoteQty": "118.62140000", "time": 1633783919500, "isBuyerMaker": false, "isBestMatch": true}, {"id": 37400833, "price": "0.37420000", "qty": "152.00000000", "quoteQty": "56.87840000", "time": 1633783923259, "isBuyerMaker": false, "isBestMatch": true}, {"id": 37400834, "price": "0.37420000", "qty": "42.00000000", "quoteQty": "15.71640000", "time": 1633783927392, "isBuyerMaker": false, "isBestMatch": true}, {"id": 37400835, "price": "0.37420000", "qty": "800.00000000", "quoteQty": "299.36000000", "time": 1633783927392, "isBuyerMaker": false, "isBestMatch": true}, {"id": 37400836, "price": "0.37430000", "qty": "1140.00000000", "quoteQty": "426.70200000", "time": 1633783927398, "isBuyerMaker": false, "isBestMatch": true}, {"id": 37400837, "price": "0.37430000", "qty": "3669.00000000", "quoteQty": "1373.30670000", "time": 1633783927447, "isBuyerMaker": false, "isBestMatch": true}, {"id": 37400838, "price": "0.37430000", "qty": "667.00000000", "quoteQty": "249.65810000", "time": 1633783927451, "isBuyerMaker": false, "isBestMatch": true}, {"id": 37400839, "price": "0.37430000", "qty": "5000.00000000", "quoteQty": "1871.50000000", "time": 1633783927496, "isBuyerMaker": false, "isBestMatch": true}, {"id": 37400840, "price": "0.37430000", "qty": "23063.00000000", "quoteQty": "8632.48090000", "time": 1633783927502, "isBuyerMaker": false, "isBestMatch": true}, {"id": 37400841, "price": "0.37430000", "qty": "1800.00000000", "quoteQty": "673.74000000", "time": 1633783927502, "isBuyerMaker": false, "isBestMatch": true}, {"id": 37400842, "price": "0.37440000", "qty": "765.00000000", "quoteQty": "286.41600000", "time": 1633783927502, "isBuyerMaker": false, "isBestMatch": true}, {"id": 37400843, "price": "0.37440000", "qty": "39.00000000", "quoteQty": "14.60160000", "time": 1633783927515, "isBuyerMaker": false, "isBestMatch": true}, {"id": 37400844, "price": "0.37440000", "qty": "628.00000000", "quoteQty": "235.12320000", "time": 1633783927515, "isBuyerMaker": false, "isBestMatch": true}, {"id": 37400845, "price": "0.37440000", "qty": "1072.00000000", "quoteQty": "401.35680000", "time": 1633783927574, "isBuyerMaker": false, "isBestMatch": true}, {"id": 37400846, "price": "0.37440000", "qty": "6482.00000000", "quoteQty": "2426.86080000", "time": 1633783927574, "isBuyerMaker": false, "isBestMatch": true}, {"id": 37400847, "price": "0.37440000", "qty": "800.00000000", "quoteQty": "299.52000000", "time": 1633783927574, "isBuyerMaker": false, "isBestMatch": true}, {"id": 37400848, "price": "0.37450000", "qty": "5828.00000000", "quoteQty": "2182.58600000", "time": 1633783927574, "isBuyerMaker": false, "isBestMatch": true}, {"id": 37400849, "price": "0.37440000", "qty": "1800.00000000", "quoteQty": "673.92000000", "time": 1633783927595, "isBuyerMaker": false, "isBestMatch": true}, {"id": 37400850, "price": "0.37440000", "qty": "1800.00000000", "quoteQty": "673.92000000", "time": 1633783927634, "isBuyerMaker": false, "isBestMatch": true}, {"id": 37400851, "price": "0.37440000", "qty": "1800.00000000", "quoteQty": "673.92000000", "time": 1633783927679, "isBuyerMaker": false, "isBestMatch": true}, {"id": 37400852, "price": "0.37440000", "qty": "1800.00000000", "quoteQty": "673.92000000", "time": 1633783927692, "isBuyerMaker": false, "isBestMatch": true}, {"id": 37400853, "price": "0.37450000", "qty": "2182.00000000", "quoteQty": "817.15900000", "time": 1633783927692, "isBuyerMaker": false, "isBestMatch": true}, {"id": 37400854, "price": "0.37450000", "qty": "19500.00000000", "quoteQty": "7302.75000000", "time": 1633783927743, "isBuyerMaker": false, "isBestMatch": true}, {"id": 37400855, "price": "0.37450000", "qty": "303.00000000", "quoteQty": "113.47350000", "time": 1633783927749, "isBuyerMaker": false, "isBestMatch": true}, {"id": 37400856, "price": "0.37450000", "qty": "26341.00000000", "quoteQty": "9864.70450000", "time": 1633783927752, "isBuyerMaker": false, "isBestMatch": true}, {"id": 37400857, "price": "0.37450000", "qty": "5574.00000000", "quoteQty": "2087.46300000", "time": 1633783927752, "isBuyerMaker": false, "isBestMatch": true}, {"id": 37400858, "price": "0.37450000", "qty": "270.00000000", "quoteQty": "101.11500000", "time": 1633783927752, "isBuyerMaker": false, "isBestMatch": true}, {"id": 37400859, "price": "0.37460000", "qty": "1700.00000000", "quoteQty": "636.82000000", "time": 1633783927752, "isBuyerMaker": false, "isBestMatch": true}, {"id": 37400860, "price": "0.37460000", "qty": "5297.00000000", "quoteQty": "1984.25620000", "time": 1633783927752, "isBuyerMaker": false, "isBestMatch": true}, {"id": 37400861, "price": "0.37460000", "qty": "326.00000000", "quoteQty": "122.11960000", "time": 1633783927776, "isBuyerMaker": false, "isBestMatch": true}, {"id": 37400862, "price": "0.37470000", "qty": "704.00000000", "quoteQty": "263.78880000", "time": 1633783928382, "isBuyerMaker": false, "isBestMatch": true}, {"id": 37400863, "price": "0.37460000", "qty": "56.00000000", "quoteQty": "20.97760000", "time": 1633783928476, "isBuyerMaker": true, "isBestMatch": true}, {"id": 37400864, "price": "0.37470000", "qty": "1291.00000000", "quoteQty": "483.73770000", "time": 1633783929373, "isBuyerMaker": false, "isBestMatch": true}, {"id": 37400865, "price": "0.37470000", "qty": "435.00000000", "quoteQty": "162.99450000", "time": 1633783929373, "isBuyerMaker": false, "isBestMatch": true}, {"id": 37400866, "price": "0.37470000", "qty": "38.00000000", "quoteQty": "14.23860000", "time": 1633783933010, "isBuyerMaker": false, "isBestMatch": true}, {"id": 37400867, "price": "0.37470000", "qty": "133.00000000", "quoteQty": "49.83510000", "time": 1633783934063, "isBuyerMaker": false, "isBestMatch": true}, {"id": 37400868, "price": "0.37470000", "qty": "29.00000000", "quoteQty": "10.86630000", "time": 1633783934065, "isBuyerMaker": false, "isBestMatch": true}, {"id": 37400869, "price": "0.37470000", "qty": "66.00000000", "quoteQty": "24.73020000", "time": 1633783934066, "isBuyerMaker": false, "isBestMatch": true}, {"id": 37400870, "price": "0.37470000", "qty": "133.00000000", "quoteQty": "49.83510000", "time": 1633783934067, "isBuyerMaker": false, "isBestMatch": true}, {"id": 37400871, "price": "0.37470000", "qty": "29.00000000", "quoteQty": "10.86630000", "time": 1633783934076, "isBuyerMaker": false, "isBestMatch": true}, {"id": 37400872, "price": "0.37470000", "qty": "133.00000000", "quoteQty": "49.83510000", "time": 1633783934140, "isBuyerMaker": false, "isBestMatch": true}, {"id": 37400873, "price": "0.37470000", "qty": "133.00000000", "quoteQty": "49.83510000", "time": 1633783934142, "isBuyerMaker": false, "isBestMatch": true}, {"id": 37400874, "price": "0.37470000", "qty": "40.00000000", "quoteQty": "14.98800000", "time": 1633783934142, "isBuyerMaker": false, "isBestMatch": true}, {"id": 37400875, "price": "0.37470000", "qty": "48.00000000", "quoteQty": "17.98560000", "time": 1633783937158, "isBuyerMaker": false, "isBestMatch": true}, {"id": 37400876, "price": "0.37480000", "qty": "121.00000000", "quoteQty": "45.35080000", "time": 1633783938764, "isBuyerMaker": true, "isBestMatch": true}, {"id": 37400877, "price": "0.37480000", "qty": "560.00000000", "quoteQty": "209.88800000", "time": 1633783938816, "isBuyerMaker": true, "isBestMatch": true}, {"id": 37400878, "price": "0.37490000", "qty": "188.00000000", "quoteQty": "70.48120000", "time": 1633783939251, "isBuyerMaker": true, "isBestMatch": true}, {"id": 37400879, "price": "0.37490000", "qty": "188.00000000", "quoteQty": "70.48120000", "time": 1633783939507, "isBuyerMaker": false, "isBestMatch": true}, {"id": 37400880, "price": "0.37500000", "qty": "46.00000000", "quoteQty": "17.25000000", "time": 1633783939507, "isBuyerMaker": false, "isBestMatch": true}, {"id": 37400881, "price": "0.37500000", "qty": "13.00000000", "quoteQty": "4.87500000", "time": 1633783939507, "isBuyerMaker": false, "isBestMatch": true}, {"id": 37400882, "price": "0.37490000", "qty": "157.00000000", "quoteQty": "58.85930000", "time": 1633783940660, "isBuyerMaker": true, "isBestMatch": true}, {"id": 37400883, "price": "0.37480000", "qty": "147.00000000", "quoteQty": "55.09560000", "time": 1633783941065, "isBuyerMaker": true, "isBestMatch": true}, {"id": 37400884, "price": "0.37480000", "qty": "1482.00000000", "quoteQty": "555.45360000", "time": 1633783941344, "isBuyerMaker": true, "isBestMatch": true}, {"id": 37400885, "price": "0.37500000", "qty": "3445.00000000", "quoteQty": "1291.87500000", "time": 1633783942494, "isBuyerMaker": false, "isBestMatch": true}, {"id": 37400886, "price": "0.37490000", "qty": "238.00000000", "quoteQty": "89.22620000", "time": 1633783946384, "isBuyerMaker": true, "isBestMatch": true}, {"id": 37400887, "price": "0.37490000", "qty": "6190.00000000", "quoteQty": "2320.63100000", "time": 1633783946412, "isBuyerMaker": true, "isBestMatch": true}, {"id": 37400888, "price": "0.37470000", "qty": "1500.00000000", "quoteQty": "562.05000000", "time": 1633783948282, "isBuyerMaker": true, "isBestMatch": true}, {"id": 37400889, "price": "0.37460000", "qty": "34.00000000", "quoteQty": "12.73640000", "time": 1633783952705, "isBuyerMaker": true, "isBestMatch": true}, {"id": 37400890, "price": "0.37480000", "qty": "1726.00000000", "quoteQty": "646.90480000", "time": 1633783957357, "isBuyerMaker": false, "isBestMatch": true}, {"id": 37400891, "price": "0.37480000", "qty": "196.00000000", "quoteQty": "73.46080000", "time": 1633783966015, "isBuyerMaker": true, "isBestMatch": true}, {"id": 37400892, "price": "0.37480000", "qty": "385.00000000", "quoteQty": "144.29800000", "time": 1633783970179, "isBuyerMaker": true, "isBestMatch": true}, {"id": 37400893, "price": "0.37480000", "qty": "218.00000000", "quoteQty": "81.70640000", "time": 1633783970197, "isBuyerMaker": true, "isBestMatch": true}, {"id": 37400894, "price": "0.37480000", "qty": "90.00000000", "quoteQty": "33.73200000", "time": 1633783970197, "isBuyerMaker": true, "isBestMatch": true}, {"id": 37400895, "price": "0.37470000", "qty": "29.00000000", "quoteQty": "10.86630000", "time": 1633783974650, "isBuyerMaker": true, "isBestMatch": true}, {"id": 37400896, "price": "0.37470000", "qty": "59.00000000", "quoteQty": "22.10730000", "time": 1633783974650, "isBuyerMaker": true, "isBestMatch": true}, {"id": 37400897, "price": "0.37480000", "qty": "33.00000000", "quoteQty": "12.36840000", "time": 1633783984898, "isBuyerMaker": false, "isBestMatch": true}, {"id": 37400898, "price": "0.37490000", "qty": "93.00000000", "quoteQty": "34.86570000", "time": 1633783984898, "isBuyerMaker": false, "isBestMatch": true}, {"id": 37400899, "price": "0.37490000", "qty": "200.00000000", "quoteQty": "74.98000000", "time": 1633783990148, "isBuyerMaker": false, "isBestMatch": true}, {"id": 37400900, "price": "0.37490000", "qty": "552.00000000", "quoteQty": "206.94480000", "time": 1633783990698, "isBuyerMaker": false, "isBestMatch": true}, {"id": 37400901, "price": "0.37490000", "qty": "47.00000000", "quoteQty": "17.62030000", "time": 1633783994558, "isBuyerMaker": false, "isBestMatch": true}, {"id": 37400902, "price": "0.37490000", "qty": "53.00000000", "quoteQty": "19.86970000", "time": 1633783994558, "isBuyerMaker": false, "isBestMatch": true}, {"id": 37400903, "price": "0.37480000", "qty": "1727.00000000", "quoteQty": "647.27960000", "time": 1633783996274, "isBuyerMaker": false, "isBestMatch": true}, {"id": 37400904, "price": "0.37470000", "qty": "166.00000000", "quoteQty": "62.20020000", "time": 1633783997066, "isBuyerMaker": true, "isBestMatch": true}, {"id": 37400905, "price": "0.37460000", "qty": "799.00000000", "quoteQty": "299.30540000", "time": 1633783997421, "isBuyerMaker": true, "isBestMatch": true}, {"id": 37400906, "price": "0.37460000", "qty": "635.00000000", "quoteQty": "237.87100000", "time": 1633783998024, "isBuyerMaker": true, "isBestMatch": true}, {"id": 37400907, "price": "0.37460000", "qty": "66.00000000", "quoteQty": "24.72360000", "time": 1633783998024, "isBuyerMaker": true, "isBestMatch": true}, {"id": 37400908, "price": "0.37450000", "qty": "104.00000000", "quoteQty": "38.94800000", "time": 1633784000684, "isBuyerMaker": true, "isBestMatch": true}, {"id": 37400909, "price": "0.37460000", "qty": "405.00000000", "quoteQty": "151.71300000", "time": 1633784005012, "isBuyerMaker": true, "isBestMatch": true}, {"id": 37400910, "price": "0.37470000", "qty": "27.00000000", "quoteQty": "10.11690000", "time": 1633784006329, "isBuyerMaker": false, "isBestMatch": true}, {"id": 37400911, "price": "0.37470000", "qty": "13.00000000", "quoteQty": "4.87110000", "time": 1633784007631, "isBuyerMaker": false, "isBestMatch": true}, {"id": 37400912, "price": "0.37480000", "qty": "48.00000000", "quoteQty": "17.99040000", "time": 1633784007631, "isBuyerMaker": false, "isBestMatch": true}, {"id": 37400913, "price": "0.37480000", "qty": "262.00000000", "quoteQty": "98.19760000", "time": 1633784008185, "isBuyerMaker": false, "isBestMatch": true}, {"id": 37400914, "price": "0.37450000", "qty": "1500.00000000", "quoteQty": "561.75000000", "time": 1633784009444, "isBuyerMaker": true, "isBestMatch": true}, {"id": 37400915, "price": "0.37450000", "qty": "196.00000000", "quoteQty": "73.40200000", "time": 1633784009511, "isBuyerMaker": true, "isBestMatch": true}, {"id": 37400916, "price": "0.37450000", "qty": "799.00000000", "quoteQty": "299.22550000", "time": 1633784009511, "isBuyerMaker": true, "isBestMatch": true}, {"id": 37400917, "price": "0.37450000", "qty": "252.00000000", "quoteQty": "94.37400000", "time": 1633784009511, "isBuyerMaker": true, "isBestMatch": true}, {"id": 37400918, "price": "0.37460000", "qty": "205.00000000", "quoteQty": "76.79300000", "time": 1633784018352, "isBuyerMaker": false, "isBestMatch": true}, {"id": 37400919, "price": "0.37450000", "qty": "342.00000000", "quoteQty": "128.07900000", "time": 1633784018574, "isBuyerMaker": true, "isBestMatch": true}, {"id": 37400920, "price": "0.37450000", "qty": "123.00000000", "quoteQty": "46.06350000", "time": 1633784018574, "isBuyerMaker": true, "isBestMatch": true}, {"id": 37400921, "price": "0.37460000", "qty": "1595.00000000", "quoteQty": "597.48700000", "time": 1633784020798, "isBuyerMaker": false, "isBestMatch": true}, {"id": 37400922, "price": "0.37460000", "qty": "133.00000000", "quoteQty": "49.82180000", "time": 1633784020798, "isBuyerMaker": false, "isBestMatch": true}, {"id": 37400923, "price": "0.37450000", "qty": "361.00000000", "quoteQty": "135.19450000", "time": 1633784020863, "isBuyerMaker": true, "isBestMatch": true}, {"id": 37400924, "price": "0.37440000", "qty": "1139.00000000", "quoteQty": "426.44160000", "time": 1633784021484, "isBuyerMaker": true, "isBestMatch": true}, {"id": 37400925, "price": "0.37440000", "qty": "297.00000000", "quoteQty": "111.19680000", "time": 1633784022193, "isBuyerMaker": true, "isBestMatch": true}, {"id": 37400926, "price": "0.37450000", "qty": "53.00000000", "quoteQty": "19.84850000", "time": 1633784030204, "isBuyerMaker": false, "isBestMatch": true}, {"id": 37400927, "price": "0.37440000", "qty": "53.00000000", "quoteQty": "19.84320000", "time": 1633784033838, "isBuyerMaker": true, "isBestMatch": true}, {"id": 37400928, "price": "0.37440000", "qty": "220.00000000", "quoteQty": "82.36800000", "time": 1633784033838, "isBuyerMaker": true, "isBestMatch": true}, {"id": 37400929, "price": "0.37440000", "qty": "346.00000000", "quoteQty": "129.54240000", "time": 1633784035959, "isBuyerMaker": true, "isBestMatch": true}, {"id": 37400930, "price": "0.37450000", "qty": "625.00000000", "quoteQty": "234.06250000", "time": 1633784036617, "isBuyerMaker": false, "isBestMatch": true}, {"id": 37400931, "price": "0.37450000", "qty": "1509.00000000", "quoteQty": "565.12050000", "time": 1633784036617, "isBuyerMaker": false, "isBestMatch": true}, {"id": 37400932, "price": "0.37450000", "qty": "86.00000000", "quoteQty": "32.20700000", "time": 1633784037934, "isBuyerMaker": false, "isBestMatch": true}, {"id": 37400933, "price": "0.37450000", "qty": "86.00000000", "quoteQty": "32.20700000", "time": 1633784037962, "isBuyerMaker": false, "isBestMatch": true}, {"id": 37400934, "price": "0.37450000", "qty": "415.00000000", "quoteQty": "155.41750000", "time": 1633784038834, "isBuyerMaker": false, "isBestMatch": true}, {"id": 37400935, "price": "0.37450000", "qty": "1728.00000000", "quoteQty": "647.13600000", "time": 1633784041703, "isBuyerMaker": false, "isBestMatch": true}, {"id": 37400936, "price": "0.37450000", "qty": "96.00000000", "quoteQty": "35.95200000", "time": 1633784051099, "isBuyerMaker": false, "isBestMatch": true}, {"id": 37400937, "price": "0.37440000", "qty": "618.00000000", "quoteQty": "231.37920000", "time": 1633784052849, "isBuyerMaker": true, "isBestMatch": true}, {"id": 37400938, "price": "0.37430000", "qty": "1800.00000000", "quoteQty": "673.74000000", "time": 1633784052849, "isBuyerMaker": true, "isBestMatch": true}, {"id": 37400939, "price": "0.37430000", "qty": "3228.00000000", "quoteQty": "1208.24040000", "time": 1633784052849, "isBuyerMaker": true, "isBestMatch": true}, {"id": 37400940, "price": "0.37430000", "qty": "57.00000000", "quoteQty": "21.33510000", "time": 1633784053932, "isBuyerMaker": false, "isBestMatch": true}, {"id": 37400941, "price": "0.37440000", "qty": "1800.00000000", "quoteQty": "673.92000000", "time": 1633784053932, "isBuyerMaker": false, "isBestMatch": true}, {"id": 37400942, "price": "0.37440000", "qty": "800.00000000", "quoteQty": "299.52000000", "time": 1633784053932, "isBuyerMaker": false, "isBestMatch": true}, {"id": 37400943, "price": "0.37440000", "qty": "1800.00000000", "quoteQty": "673.92000000", "time": 1633784054000, "isBuyerMaker": false, "isBestMatch": true}, {"id": 37400944, "price": "0.37440000", "qty": "1311.00000000", "quoteQty": "490.83840000", "time": 1633784054762, "isBuyerMaker": true, "isBestMatch": true}, {"id": 37400945, "price": "0.37450000", "qty": "778.00000000", "quoteQty": "291.36100000", "time": 1633784055295, "isBuyerMaker": false, "isBestMatch": true}, {"id": 37400946, "price": "0.37450000", "qty": "69.00000000", "quoteQty": "25.84050000", "time": 1633784059745, "isBuyerMaker": false, "isBestMatch": true}, {"id": 37400947, "price": "0.37430000", "qty": "1334.00000000", "quoteQty": "499.31620000", "time": 1633784067053, "isBuyerMaker": true, "isBestMatch": true}, {"id": 37400948, "price": "0.37430000", "qty": "1482.00000000", "quoteQty": "554.71260000", "time": 1633784071237, "isBuyerMaker": true, "isBestMatch": true}, {"id": 37400949, "price": "0.37430000", "qty": "444.00000000", "quoteQty": "166.18920000", "time": 1633784073232, "isBuyerMaker": true, "isBestMatch": true}, {"id": 37400950, "price": "0.37440000", "qty": "288.00000000", "quoteQty": "107.82720000", "time": 1633784074651, "isBuyerMaker": false, "isBestMatch": true}, {"id": 37400951, "price": "0.37440000", "qty": "1767.00000000", "quoteQty": "661.56480000", "time": 1633784079587, "isBuyerMaker": false, "isBestMatch": true}, {"id": 37400952, "price": "0.37440000", "qty": "198.00000000", "quoteQty": "74.13120000", "time": 1633784084706, "isBuyerMaker": false, "isBestMatch": true}, {"id": 37400953, "price": "0.37430000", "qty": "409.00000000", "quoteQty": "153.08870000", "time": 1633784088393, "isBuyerMaker": true, "isBestMatch": true}, {"id": 37400954, "price": "0.37440000", "qty": "81.00000000", "quoteQty": "30.32640000", "time": 1633784091822, "isBuyerMaker": false, "isBestMatch": true}, {"id": 37400955, "price": "0.37430000", "qty": "31.00000000", "quoteQty": "11.60330000", "time": 1633784101845, "isBuyerMaker": false, "isBestMatch": true}, {"id": 37400956, "price": "0.37440000", "qty": "132.00000000", "quoteQty": "49.42080000", "time": 1633784101845, "isBuyerMaker": false, "isBestMatch": true}, {"id": 37400957, "price": "0.37440000", "qty": "48.00000000", "quoteQty": "17.97120000", "time": 1633784106254, "isBuyerMaker": false, "isBestMatch": true}, {"id": 37400958, "price": "0.37440000", "qty": "426.00000000", "quoteQty": "159.49440000", "time": 1633784109443, "isBuyerMaker": false, "isBestMatch": true}, {"id": 37400959, "price": "0.37450000", "qty": "264.00000000", "quoteQty": "98.86800000", "time": 1633784109443, "isBuyerMaker": false, "isBestMatch": true}, {"id": 37400960, "price": "0.37450000", "qty": "1.00000000", "quoteQty": "0.37450000", "time": 1633784109443, "isBuyerMaker": false, "isBestMatch": true}, {"id": 37400961, "price": "0.37450000", "qty": "259.00000000", "quoteQty": "96.99550000", "time": 1633784111750, "isBuyerMaker": false, "isBestMatch": true}, {"id": 37400962, "price": "0.37450000", "qty": "833.00000000", "quoteQty": "311.95850000", "time": 1633784111750, "isBuyerMaker": false, "isBestMatch": true}, {"id": 37400963, "price": "0.37450000", "qty": "132.00000000", "quoteQty": "49.43400000", "time": 1633784114863, "isBuyerMaker": false, "isBestMatch": true}, {"id": 37400964, "price": "0.37450000", "qty": "116.00000000", "quoteQty": "43.44200000", "time": 1633784114863, "isBuyerMaker": false, "isBestMatch": true}, {"id": 37400965, "price": "0.37450000", "qty": "175.00000000", "quoteQty": "65.53750000", "time": 1633784114863, "isBuyerMaker": false, "isBestMatch": true}, {"id": 37400966, "price": "0.37460000", "qty": "32.00000000", "quoteQty": "11.98720000", "time": 1633784117049, "isBuyerMaker": false, "isBestMatch": true}, {"id": 37400967, "price": "0.37450000", "qty": "267.00000000", "quoteQty": "99.99150000", "time": 1633784120160, "isBuyerMaker": false, "isBestMatch": true}, {"id": 37400968, "price": "0.37440000", "qty": "67.00000000", "quoteQty": "25.08480000", "time": 1633784128703, "isBuyerMaker": true, "isBestMatch": true}, {"id": 37400969, "price": "0.37440000", "qty": "427.00000000", "quoteQty": "159.86880000", "time": 1633784132190, "isBuyerMaker": true, "isBestMatch": true}, {"id": 37400970, "price": "0.37440000", "qty": "83.00000000", "quoteQty": "31.07520000", "time": 1633784133126, "isBuyerMaker": true, "isBestMatch": true}, {"id": 37400971, "price": "0.37450000", "qty": "553.00000000", "quoteQty": "207.09850000", "time": 1633784139213, "isBuyerMaker": true, "isBestMatch": true}, {"id": 37400972, "price": "0.37450000", "qty": "478.00000000", "quoteQty": "179.01100000", "time": 1633784139362, "isBuyerMaker": true, "isBestMatch": true}, {"id": 37400973, "price": "0.37460000", "qty": "1031.00000000", "quoteQty": "386.21260000", "time": 1633784142962, "isBuyerMaker": false, "isBestMatch": true}, {"id": 37400974, "price": "0.37460000", "qty": "304.00000000", "quoteQty": "113.87840000", "time": 1633784142962, "isBuyerMaker": false, "isBestMatch": true}, {"id": 37400975, "price": "0.37460000", "qty": "1217.00000000", "quoteQty": "455.88820000", "time": 1633784143546, "isBuyerMaker": false, "isBestMatch": true}, {"id": 37400976, "price": "0.37460000", "qty": "53.00000000", "quoteQty": "19.85380000", "time": 1633784144198, "isBuyerMaker": false, "isBestMatch": true}, {"id": 37400977, "price": "0.37440000", "qty": "790.00000000", "quoteQty": "295.77600000", "time": 1633784145900, "isBuyerMaker": true, "isBestMatch": true}, {"id": 37400978, "price": "0.37440000", "qty": "631.00000000", "quoteQty": "236.24640000", "time": 1633784145900, "isBuyerMaker": true, "isBestMatch": true}, {"id": 37400979, "price": "0.37440000", "qty": "645.00000000", "quoteQty": "241.48800000", "time": 1633784145900, "isBuyerMaker": true, "isBestMatch": true}, {"id": 37400980, "price": "0.37440000", "qty": "800.00000000", "quoteQty": "299.52000000", "time": 1633784145900, "isBuyerMaker": true, "isBestMatch": true}, {"id": 37400981, "price": "0.37430000", "qty": "383.00000000", "quoteQty": "143.35690000", "time": 1633784145900, "isBuyerMaker": true, "isBestMatch": true}, {"id": 37400982, "price": "0.37440000", "qty": "1897.00000000", "quoteQty": "710.23680000", "time": 1633784147760, "isBuyerMaker": true, "isBestMatch": true}, {"id": 37400983, "price": "0.37430000", "qty": "130.00000000", "quoteQty": "48.65900000", "time": 1633784148063, "isBuyerMaker": true, "isBestMatch": true}, {"id": 37400984, "price": "0.37440000", "qty": "1859.00000000", "quoteQty": "696.00960000", "time": 1633784155890, "isBuyerMaker": true, "isBestMatch": true}, {"id": 37400985, "price": "0.37440000", "qty": "800.00000000", "quoteQty": "299.52000000", "time": 1633784155890, "isBuyerMaker": true, "isBestMatch": true}, {"id": 37400986, "price": "0.37460000", "qty": "45.00000000", "quoteQty": "16.85700000", "time": 1633784156963, "isBuyerMaker": false, "isBestMatch": true}, {"id": 37400987, "price": "0.37440000", "qty": "190.00000000", "quoteQty": "71.13600000", "time": 1633784158348, "isBuyerMaker": true, "isBestMatch": true}, {"id": 37400988, "price": "0.37440000", "qty": "339.00000000", "quoteQty": "126.92160000", "time": 1633784159409, "isBuyerMaker": true, "isBestMatch": true}, {"id": 37400989, "price": "0.37440000", "qty": "1070.00000000", "quoteQty": "400.60800000", "time": 1633784159840, "isBuyerMaker": true, "isBestMatch": true}, {"id": 37400990, "price": "0.37430000", "qty": "430.00000000", "quoteQty": "160.94900000", "time": 1633784160427, "isBuyerMaker": true, "isBestMatch": true}, {"id": 37400991, "price": "0.37450000", "qty": "60.00000000", "quoteQty": "22.47000000", "time": 1633784167904, "isBuyerMaker": false, "isBestMatch": true}, {"id": 37400992, "price": "0.37440000", "qty": "28.00000000", "quoteQty": "10.48320000", "time": 1633784182654, "isBuyerMaker": true, "isBestMatch": true}, {"id": 37400993, "price": "0.37430000", "qty": "62.00000000", "quoteQty": "23.20660000", "time": 1633784182654, "isBuyerMaker": true, "isBestMatch": true}, {"id": 37400994, "price": "0.37430000", "qty": "2101.00000000", "quoteQty": "786.40430000", "time": 1633784188198, "isBuyerMaker": true, "isBestMatch": true}, {"id": 37400995, "price": "0.37430000", "qty": "94.00000000", "quoteQty": "35.18420000", "time": 1633784188198, "isBuyerMaker": true, "isBestMatch": true}, {"id": 37400996, "price": "0.37430000", "qty": "28.00000000", "quoteQty": "10.48040000", "time": 1633784188198, "isBuyerMaker": true, "isBestMatch": true}, {"id": 37400997, "price": "0.37430000", "qty": "113.00000000", "quoteQty": "42.29590000", "time": 1633784188198, "isBuyerMaker": true, "isBestMatch": true}, {"id": 37400998, "price": "0.37430000", "qty": "1670.00000000", "quoteQty": "625.08100000", "time": 1633784188225, "isBuyerMaker": true, "isBestMatch": true}, {"id": 37400999, "price": "0.37430000", "qty": "38.00000000", "quoteQty": "14.22340000", "time": 1633784193672, "isBuyerMaker": false, "isBestMatch": true}, {"id": 37401000, "price": "0.37420000", "qty": "37.00000000", "quoteQty": "13.84540000", "time": 1633784194186, "isBuyerMaker": true, "isBestMatch": true}, {"id": 37401001, "price": "0.37420000", "qty": "392.00000000", "quoteQty": "146.68640000", "time": 1633784200762, "isBuyerMaker": true, "isBestMatch": true}, {"id": 37401002, "price": "0.37430000", "qty": "51.00000000", "quoteQty": "19.08930000", "time": 1633784204729, "isBuyerMaker": false, "isBestMatch": true}, {"id": 37401003, "price": "0.37420000", "qty": "1483.00000000", "quoteQty": "554.93860000", "time": 1633784205123, "isBuyerMaker": true, "isBestMatch": true}, {"id": 37401004, "price": "0.37420000", "qty": "158.00000000", "quoteQty": "59.12360000", "time": 1633784205376, "isBuyerMaker": true, "isBestMatch": true}, {"id": 37401005, "price": "0.37420000", "qty": "257.00000000", "quoteQty": "96.16940000", "time": 1633784206057, "isBuyerMaker": true, "isBestMatch": true}, {"id": 37401006, "price": "0.37420000", "qty": "221.00000000", "quoteQty": "82.69820000", "time": 1633784208057, "isBuyerMaker": true, "isBestMatch": true}, {"id": 37401007, "price": "0.37430000", "qty": "639.00000000", "quoteQty": "239.17770000", "time": 1633784208728, "isBuyerMaker": true, "isBestMatch": true}, {"id": 37401008, "price": "0.37430000", "qty": "549.00000000", "quoteQty": "205.49070000", "time": 1633784209054, "isBuyerMaker": true, "isBestMatch": true}, {"id": 37401009, "price": "0.37430000", "qty": "57.00000000", "quoteQty": "21.33510000", "time": 1633784209398, "isBuyerMaker": true, "isBestMatch": true}, {"id": 37401010, "price": "0.37430000", "qty": "196.00000000", "quoteQty": "73.36280000", "time": 1633784217363, "isBuyerMaker": true, "isBestMatch": true}, {"id": 37401011, "price": "0.37440000", "qty": "299.00000000", "quoteQty": "111.94560000", "time": 1633784221602, "isBuyerMaker": true, "isBestMatch": true}, {"id": 37401012, "price": "0.37440000", "qty": "257.00000000", "quoteQty": "96.22080000", "time": 1633784222064, "isBuyerMaker": true, "isBestMatch": true}, {"id": 37401013, "price": "0.37450000", "qty": "29.00000000", "quoteQty": "10.86050000", "time": 1633784225332, "isBuyerMaker": false, "isBestMatch": true}, {"id": 37401014, "price": "0.37450000", "qty": "387.00000000", "quoteQty": "144.93150000", "time": 1633784226500, "isBuyerMaker": false, "isBestMatch": true}, {"id": 37401015, "price": "0.37450000", "qty": "1243.00000000", "quoteQty": "465.50350000", "time": 1633784226500, "isBuyerMaker": false, "isBestMatch": true}, {"id": 37401016, "price": "0.37440000", "qty": "23.00000000", "quoteQty": "8.61120000", "time": 1633784227254, "isBuyerMaker": true, "isBestMatch": true}, {"id": 37401017, "price": "0.37430000", "qty": "70.00000000", "quoteQty": "26.20100000", "time": 1633784229547, "isBuyerMaker": true, "isBestMatch": true}, {"id": 37401018, "price": "0.37430000", "qty": "242.00000000", "quoteQty": "90.58060000", "time": 1633784230007, "isBuyerMaker": true, "isBestMatch": true}, {"id": 37401019, "price": "0.37430000", "qty": "265.00000000", "quoteQty": "99.18950000", "time": 1633784233073, "isBuyerMaker": true, "isBestMatch": true}, {"id": 37401020, "price": "0.37420000", "qty": "398.00000000", "quoteQty": "148.93160000", "time": 1633784233073, "isBuyerMaker": true, "isBestMatch": true}, {"id": 37401021, "price": "0.37410000", "qty": "2147.00000000", "quoteQty": "803.19270000", "time": 1633784233073, "isBuyerMaker": true, "isBestMatch": true}, {"id": 37401022, "price": "0.37430000", "qty": "40.00000000", "quoteQty": "14.97200000", "time": 1633784235365, "isBuyerMaker": false, "isBestMatch": true}, {"id": 37401023, "price": "0.37430000", "qty": "2591.00000000", "quoteQty": "969.81130000", "time": 1633784235365, "isBuyerMaker": false, "isBestMatch": true}, {"id": 37401024, "price": "0.37430000", "qty": "40.00000000", "quoteQty": "14.97200000", "time": 1633784235365, "isBuyerMaker": false, "isBestMatch": true}, {"id": 37401025, "price": "0.37430000", "qty": "616.00000000", "quoteQty": "230.56880000", "time": 1633784236618, "isBuyerMaker": false, "isBestMatch": true}, {"id": 37401026, "price": "0.37410000", "qty": "149.00000000", "quoteQty": "55.74090000", "time": 1633784242208, "isBuyerMaker": true, "isBestMatch": true}, {"id": 37401027, "price": "0.37410000", "qty": "165.00000000", "quoteQty": "61.72650000", "time": 1633784242641, "isBuyerMaker": true, "isBestMatch": true}, {"id": 37401028, "price": "0.37410000", "qty": "177.00000000", "quoteQty": "66.21570000", "time": 1633784242641, "isBuyerMaker": true, "isBestMatch": true}, {"id": 37401029, "price": "0.37420000", "qty": "47.00000000", "quoteQty": "17.58740000", "time": 1633784245855, "isBuyerMaker": false, "isBestMatch": true}, {"id": 37401030, "price": "0.37430000", "qty": "173.00000000", "quoteQty": "64.75390000", "time": 1633784246525, "isBuyerMaker": false, "isBestMatch": true}, {"id": 37401031, "price": "0.37410000", "qty": "1511.00000000", "quoteQty": "565.26510000", "time": 1633784247816, "isBuyerMaker": true, "isBestMatch": true}, {"id": 37401032, "price": "0.37410000", "qty": "57.00000000", "quoteQty": "21.32370000", "time": 1633784248062, "isBuyerMaker": true, "isBestMatch": true}, {"id": 37401033, "price": "0.37410000", "qty": "55.00000000", "quoteQty": "20.57550000", "time": 1633784248354, "isBuyerMaker": true, "isBestMatch": true}, {"id": 37401034, "price": "0.37410000", "qty": "549.00000000", "quoteQty": "205.38090000", "time": 1633784248354, "isBuyerMaker": true, "isBestMatch": true}, {"id": 37401035, "price": "0.37420000", "qty": "54.00000000", "quoteQty": "20.20680000", "time": 1633784250880, "isBuyerMaker": false, "isBestMatch": true}, {"id": 37401036, "price": "0.37420000", "qty": "53.00000000", "quoteQty": "19.83260000", "time": 1633784251054, "isBuyerMaker": false, "isBestMatch": true}, {"id": 37401037, "price": "0.37420000", "qty": "40.00000000", "quoteQty": "14.96800000", "time": 1633784251406, "isBuyerMaker": false, "isBestMatch": true}, {"id": 37401038, "price": "0.37420000", "qty": "54.00000000", "quoteQty": "20.20680000", "time": 1633784251952, "isBuyerMaker": false, "isBestMatch": true}, {"id": 37401039, "price": "0.37410000", "qty": "502.00000000", "quoteQty": "187.79820000", "time": 1633784257492, "isBuyerMaker": true, "isBestMatch": true}, {"id": 37401040, "price": "0.37410000", "qty": "3487.00000000", "quoteQty": "1304.48670000", "time": 1633784263454, "isBuyerMaker": true, "isBestMatch": true}, {"id": 37401041, "price": "0.37410000", "qty": "16856.00000000", "quoteQty": "6305.82960000", "time": 1633784263468, "isBuyerMaker": true, "isBestMatch": true}, {"id": 37401042, "price": "0.37420000", "qty": "1800.00000000", "quoteQty": "673.56000000", "time": 1633784264751, "isBuyerMaker": false, "isBestMatch": true}, {"id": 37401043, "price": "0.37420000", "qty": "2591.00000000", "quoteQty": "969.55220000", "time": 1633784264751, "isBuyerMaker": false, "isBestMatch": true}, {"id": 37401044, "price": "0.37420000", "qty": "120.00000000", "quoteQty": "44.90400000", "time": 1633784273998, "isBuyerMaker": true, "isBestMatch": true}, {"id": 37401045, "price": "0.37420000", "qty": "474.00000000", "quoteQty": "177.37080000", "time": 1633784278739, "isBuyerMaker": true, "isBestMatch": true}, {"id": 37401046, "price": "0.37420000", "qty": "356.00000000", "quoteQty": "133.21520000", "time": 1633784279814, "isBuyerMaker": true, "isBestMatch": true}, {"id": 37401047, "price": "0.37420000", "qty": "322.00000000", "quoteQty": "120.49240000", "time": 1633784288610, "isBuyerMaker": true, "isBestMatch": true}, {"id": 37401048, "price": "0.37440000", "qty": "34.00000000", "quoteQty": "12.72960000", "time": 1633784288696, "isBuyerMaker": false, "isBestMatch": true}, {"id": 37401049, "price": "0.37440000", "qty": "1479.00000000", "quoteQty": "553.73760000", "time": 1633784288696, "isBuyerMaker": false, "isBestMatch": true}, {"id": 37401050, "price": "0.37420000", "qty": "34.00000000", "quoteQty": "12.72280000", "time": 1633784291484, "isBuyerMaker": true, "isBestMatch": true}, {"id": 37401051, "price": "0.37410000", "qty": "261.00000000", "quoteQty": "97.64010000", "time": 1633784297792, "isBuyerMaker": true, "isBestMatch": true}, {"id": 37401052, "price": "0.37420000", "qty": "113.00000000", "quoteQty": "42.28460000", "time": 1633784314697, "isBuyerMaker": true, "isBestMatch": true}, {"id": 37401053, "price": "0.37410000", "qty": "47.00000000", "quoteQty": "17.58270000", "time": 1633784327866, "isBuyerMaker": true, "isBestMatch": true}, {"id": 37401054, "price": "0.37420000", "qty": "44.00000000", "quoteQty": "16.46480000", "time": 1633784332410, "isBuyerMaker": false, "isBestMatch": true}, {"id": 37401055, "price": "0.37420000", "qty": "156.00000000", "quoteQty": "58.37520000", "time": 1633784332410, "isBuyerMaker": false, "isBestMatch": true}, {"id": 37401056, "price": "0.37410000", "qty": "357.00000000", "quoteQty": "133.55370000", "time": 1633784346079, "isBuyerMaker": true, "isBestMatch": true}, {"id": 37401057, "price": "0.37410000", "qty": "1005.00000000", "quoteQty": "375.97050000", "time": 1633784349091, "isBuyerMaker": true, "isBestMatch": true}, {"id": 37401058, "price": "0.37410000", "qty": "1402.00000000", "quoteQty": "524.48820000", "time": 1633784349106, "isBuyerMaker": true, "isBestMatch": true}, {"id": 37401059, "price": "0.37410000", "qty": "9751.00000000", "quoteQty": "3647.84910000", "time": 1633784352106, "isBuyerMaker": true, "isBestMatch": true}, {"id": 37401060, "price": "0.37410000", "qty": "1026.00000000", "quoteQty": "383.82660000", "time": 1633784352106, "isBuyerMaker": true, "isBestMatch": true}, {"id": 37401061, "price": "0.37420000", "qty": "42.00000000", "quoteQty": "15.71640000", "time": 1633784367358, "isBuyerMaker": false, "isBestMatch": true}, {"id": 37401062, "price": "0.37420000", "qty": "695.00000000", "quoteQty": "260.06900000", "time": 1633784367358, "isBuyerMaker": false, "isBestMatch": true}, {"id": 37401063, "price": "0.37420000", "qty": "31.00000000", "quoteQty": "11.60020000", "time": 1633784367358, "isBuyerMaker": false, "isBestMatch": true}, {"id": 37401064, "price": "0.37440000", "qty": "41017.00000000", "quoteQty": "15356.76480000", "time": 1633784367358, "isBuyerMaker": false, "isBestMatch": true}, {"id": 37401065, "price": "0.37450000", "qty": "3107.00000000", "quoteQty": "1163.57150000", "time": 1633784367358, "isBuyerMaker": false, "isBestMatch": true}, {"id": 37401066, "price": "0.37450000", "qty": "683.00000000", "quoteQty": "255.78350000", "time": 1633784367358, "isBuyerMaker": false, "isBestMatch": true}, {"id": 37401067, "price": "0.37460000", "qty": "536.00000000", "quoteQty": "200.78560000", "time": 1633784367358, "isBuyerMaker": false, "isBestMatch": true}, {"id": 37401068, "price": "0.37460000", "qty": "1120.00000000", "quoteQty": "419.55200000", "time": 1633784367358, "isBuyerMaker": false, "isBestMatch": true}, {"id": 37401069, "price": "0.37460000", "qty": "6168.00000000", "quoteQty": "2310.53280000", "time": 1633784367358, "isBuyerMaker": false, "isBestMatch": true}, {"id": 37401070, "price": "0.37470000", "qty": "692.00000000", "quoteQty": "259.29240000", "time": 1633784367358, "isBuyerMaker": false, "isBestMatch": true}, {"id": 37401071, "price": "0.37470000", "qty": "1438.00000000", "quoteQty": "538.81860000", "time": 1633784367358, "isBuyerMaker": false, "isBestMatch": true}, {"id": 37401072, "price": "0.37470000", "qty": "4698.00000000", "quoteQty": "1760.34060000", "time": 1633784367358, "isBuyerMaker": false, "isBestMatch": true}, {"id": 37401073, "price": "0.37470000", "qty": "614.00000000", "quoteQty": "230.06580000", "time": 1633784367358, "isBuyerMaker": false, "isBestMatch": true}, {"id": 37401074, "price": "0.37470000", "qty": "2672.00000000", "quoteQty": "1001.19840000", "time": 1633784367358, "isBuyerMaker": false, "isBestMatch": true}, {"id": 37401075, "price": "0.37470000", "qty": "676.00000000", "quoteQty": "253.29720000", "time": 1633784367358, "isBuyerMaker": false, "isBestMatch": true}, {"id": 37401076, "price": "0.37480000", "qty": "166.00000000", "quoteQty": "62.21680000", "time": 1633784367358, "isBuyerMaker": false, "isBestMatch": true}, {"id": 37401077, "price": "0.37480000", "qty": "536.00000000", "quoteQty": "200.89280000", "time": 1633784367358, "isBuyerMaker": false, "isBestMatch": true}, {"id": 37401078, "price": "0.37480000", "qty": "708.00000000", "quoteQty": "265.35840000", "time": 1633784367358, "isBuyerMaker": false, "isBestMatch": true}, {"id": 37401079, "price": "0.37480000", "qty": "694.00000000", "quoteQty": "260.11120000", "time": 1633784367358, "isBuyerMaker": false, "isBestMatch": true}, {"id": 37401080, "price": "0.37480000", "qty": "694.00000000", "quoteQty": "260.11120000", "time": 1633784367358, "isBuyerMaker": false, "isBestMatch": true}, {"id": 37401081, "price": "0.37480000", "qty": "6509.00000000", "quoteQty": "2439.57320000", "time": 1633784367358, "isBuyerMaker": false, "isBestMatch": true}, {"id": 37401082, "price": "0.37480000", "qty": "5250.00000000", "quoteQty": "1967.70000000", "time": 1633784367358, "isBuyerMaker": false, "isBestMatch": true}, {"id": 37401083, "price": "0.37480000", "qty": "5879.00000000", "quoteQty": "2203.44920000", "time": 1633784367358, "isBuyerMaker": false, "isBestMatch": true}, {"id": 37401084, "price": "0.37480000", "qty": "730.00000000", "quoteQty": "273.60400000", "time": 1633784367358, "isBuyerMaker": false, "isBestMatch": true}, {"id": 37401085, "price": "0.37470000", "qty": "800.00000000", "quoteQty": "299.76000000", "time": 1633784367373, "isBuyerMaker": false, "isBestMatch": true}, {"id": 37401086, "price": "0.37480000", "qty": "1500.00000000", "quoteQty": "562.20000000", "time": 1633784367373, "isBuyerMaker": false, "isBestMatch": true}, {"id": 37401087, "price": "0.37480000", "qty": "2300.00000000", "quoteQty": "862.04000000", "time": 1633784367376, "isBuyerMaker": false, "isBestMatch": true}, {"id": 37401088, "price": "0.37470000", "qty": "2300.00000000", "quoteQty": "861.81000000", "time": 1633784367385, "isBuyerMaker": false, "isBestMatch": true}, {"id": 37401089, "price": "0.37470000", "qty": "2300.00000000", "quoteQty": "861.81000000", "time": 1633784367396, "isBuyerMaker": false, "isBestMatch": true}, {"id": 37401090, "price": "0.37450000", "qty": "1341.00000000", "quoteQty": "502.20450000", "time": 1633784367401, "isBuyerMaker": true, "isBestMatch": true}, {"id": 37401091, "price": "0.37450000", "qty": "1341.00000000", "quoteQty": "502.20450000", "time": 1633784367401, "isBuyerMaker": true, "isBestMatch": true}, {"id": 37401092, "price": "0.37450000", "qty": "1340.00000000", "quoteQty": "501.83000000", "time": 1633784367401, "isBuyerMaker": true, "isBestMatch": true}, {"id": 37401093, "price": "0.37450000", "qty": "1340.00000000", "quoteQty": "501.83000000", "time": 1633784367401, "isBuyerMaker": true, "isBestMatch": true}, {"id": 37401094, "price": "0.37450000", "qty": "1340.00000000", "quoteQty": "501.83000000", "time": 1633784367401, "isBuyerMaker": true, "isBestMatch": true}, {"id": 37401095, "price": "0.37450000", "qty": "1341.00000000", "quoteQty": "502.20450000", "time": 1633784367401, "isBuyerMaker": true, "isBestMatch": true}, {"id": 37401096, "price": "0.37440000", "qty": "1341.00000000", "quoteQty": "502.07040000", "time": 1633784367401, "isBuyerMaker": true, "isBestMatch": true}, {"id": 37401097, "price": "0.37440000", "qty": "1341.00000000", "quoteQty": "502.07040000", "time": 1633784367401, "isBuyerMaker": true, "isBestMatch": true}, {"id": 37401098, "price": "0.37440000", "qty": "1340.00000000", "quoteQty": "501.69600000", "time": 1633784367401, "isBuyerMaker": true, "isBestMatch": true}, {"id": 37401099, "price": "0.37440000", "qty": "1296.00000000", "quoteQty": "485.22240000", "time": 1633784367401, "isBuyerMaker": true, "isBestMatch": true}, {"id": 37401100, "price": "0.37470000", "qty": "657.00000000", "quoteQty": "246.17790000", "time": 1633784367405, "isBuyerMaker": false, "isBestMatch": true}, {"id": 37401101, "price": "0.37470000", "qty": "1643.00000000", "quoteQty": "615.63210000", "time": 1633784367405, "isBuyerMaker": false, "isBestMatch": true}, {"id": 37401102, "price": "0.37470000", "qty": "1120.00000000", "quoteQty": "419.66400000", "time": 1633784367490, "isBuyerMaker": false, "isBestMatch": true}, {"id": 37401103, "price": "0.37500000", "qty": "536.00000000", "quoteQty": "201.00000000", "time": 1633784367695, "isBuyerMaker": false, "isBestMatch": true}, {"id": 37401104, "price": "0.37500000", "qty": "506.00000000", "quoteQty": "189.75000000", "time": 1633784367695, "isBuyerMaker": false, "isBestMatch": true}, {"id": 37401105, "price": "0.37480000", "qty": "56.00000000", "quoteQty": "20.98880000", "time": 1633784372424, "isBuyerMaker": true, "isBestMatch": true}, {"id": 37401106, "price": "0.37480000", "qty": "2280.00000000", "quoteQty": "854.54400000", "time": 1633784373051, "isBuyerMaker": true, "isBestMatch": true}, {"id": 37401107, "price": "0.37480000", "qty": "1710.00000000", "quoteQty": "640.90800000", "time": 1633784373078, "isBuyerMaker": true, "isBestMatch": true}, {"id": 37401108, "price": "0.37480000", "qty": "570.00000000", "quoteQty": "213.63600000", "time": 1633784373110, "isBuyerMaker": true, "isBestMatch": true}, {"id": 37401109, "price": "0.37480000", "qty": "634.00000000", "quoteQty": "237.62320000", "time": 1633784373160, "isBuyerMaker": true, "isBestMatch": true}, {"id": 37401110, "price": "0.37480000", "qty": "35.00000000", "quoteQty": "13.11800000", "time": 1633784374516, "isBuyerMaker": false, "isBestMatch": true}, {"id": 37401111, "price": "0.37480000", "qty": "2592.00000000", "quoteQty": "971.48160000", "time": 1633784374516, "isBuyerMaker": false, "isBestMatch": true}, {"id": 37401112, "price": "0.37490000", "qty": "53.00000000", "quoteQty": "19.86970000", "time": 1633784374550, "isBuyerMaker": false, "isBestMatch": true}, {"id": 37401113, "price": "0.37480000", "qty": "81.00000000", "quoteQty": "30.35880000", "time": 1633784374677, "isBuyerMaker": true, "isBestMatch": true}, {"id": 37401114, "price": "0.37480000", "qty": "56.00000000", "quoteQty": "20.98880000", "time": 1633784375702, "isBuyerMaker": true, "isBestMatch": true}, {"id": 37401115, "price": "0.37470000", "qty": "2296.00000000", "quoteQty": "860.31120000", "time": 1633784381298, "isBuyerMaker": false, "isBestMatch": true}, {"id": 37401116, "price": "0.37470000", "qty": "296.00000000", "quoteQty": "110.91120000", "time": 1633784381326, "isBuyerMaker": false, "isBestMatch": true}, {"id": 37401117, "price": "0.37470000", "qty": "294.00000000", "quoteQty": "110.16180000", "time": 1633784381326, "isBuyerMaker": false, "isBestMatch": true}, {"id": 37401118, "price": "0.37470000", "qty": "550.00000000", "quoteQty": "206.08500000", "time": 1633784383066, "isBuyerMaker": true, "isBestMatch": true}, {"id": 37401119, "price": "0.37490000", "qty": "422.00000000", "quoteQty": "158.20780000", "time": 1633784383295, "isBuyerMaker": false, "isBestMatch": true}, {"id": 37401120, "price": "0.37490000", "qty": "721.00000000", "quoteQty": "270.30290000", "time": 1633784383295, "isBuyerMaker": false, "isBestMatch": true}, {"id": 37401121, "price": "0.37500000", "qty": "1153.00000000", "quoteQty": "432.37500000", "time": 1633784383295, "isBuyerMaker": false, "isBestMatch": true}, {"id": 37401122, "price": "0.37480000", "qty": "56.00000000", "quoteQty": "20.98880000", "time": 1633784384299, "isBuyerMaker": false, "isBestMatch": true}, {"id": 37401123, "price": "0.37490000", "qty": "2240.00000000", "quoteQty": "839.77600000", "time": 1633784384299, "isBuyerMaker": false, "isBestMatch": true}, {"id": 37401124, "price": "0.37470000", "qty": "27.00000000", "quoteQty": "10.11690000", "time": 1633784384611, "isBuyerMaker": true, "isBestMatch": true}, {"id": 37401125, "price": "0.37460000", "qty": "56.00000000", "quoteQty": "20.97760000", "time": 1633784396807, "isBuyerMaker": false, "isBestMatch": true}, {"id": 37401126, "price": "0.37450000", "qty": "56.00000000", "quoteQty": "20.97200000", "time": 1633784398930, "isBuyerMaker": true, "isBestMatch": true}, {"id": 37401127, "price": "0.37460000", "qty": "1340.00000000", "quoteQty": "501.96400000", "time": 1633784399351, "isBuyerMaker": false, "isBestMatch": true}, {"id": 37401128, "price": "0.37470000", "qty": "1340.00000000", "quoteQty": "502.09800000", "time": 1633784399351, "isBuyerMaker": false, "isBestMatch": true}, {"id": 37401129, "price": "0.37480000", "qty": "2592.00000000", "quoteQty": "971.48160000", "time": 1633784399351, "isBuyerMaker": false, "isBestMatch": true}, {"id": 37401130, "price": "0.37480000", "qty": "2590.00000000", "quoteQty": "970.73200000", "time": 1633784399351, "isBuyerMaker": false, "isBestMatch": true}, {"id": 37401131, "price": "0.37490000", "qty": "2626.00000000", "quoteQty": "984.48740000", "time": 1633784399351, "isBuyerMaker": false, "isBestMatch": true}, {"id": 37401132, "price": "0.37490000", "qty": "2955.00000000", "quoteQty": "1107.82950000", "time": 1633784399351, "isBuyerMaker": false, "isBestMatch": true}, {"id": 37401133, "price": "0.37490000", "qty": "400.00000000", "quoteQty": "149.96000000", "time": 1633784399351, "isBuyerMaker": false, "isBestMatch": true}, {"id": 37401134, "price": "0.37490000", "qty": "134.00000000", "quoteQty": "50.23660000", "time": 1633784399359, "isBuyerMaker": true, "isBestMatch": true}, {"id": 37401135, "price": "0.37490000", "qty": "91.00000000", "quoteQty": "34.11590000", "time": 1633784399362, "isBuyerMaker": true, "isBestMatch": true}, {"id": 37401136, "price": "0.37490000", "qty": "11569.00000000", "quoteQty": "4337.21810000", "time": 1633784399363, "isBuyerMaker": true, "isBestMatch": true}, {"id": 37401137, "price": "0.37490000", "qty": "70.00000000", "quoteQty": "26.24300000", "time": 1633784399365, "isBuyerMaker": true, "isBestMatch": true}, {"id": 37401138, "price": "0.37490000", "qty": "59.00000000", "quoteQty": "22.11910000", "time": 1633784399371, "isBuyerMaker": true, "isBestMatch": true}, {"id": 37401139, "price": "0.37490000", "qty": "403.00000000", "quoteQty": "151.08470000", "time": 1633784399379, "isBuyerMaker": true, "isBestMatch": true}, {"id": 37401140, "price": "0.37490000", "qty": "254.00000000", "quoteQty": "95.22460000", "time": 1633784399387, "isBuyerMaker": true, "isBestMatch": true}, {"id": 37401141, "price": "0.37490000", "qty": "201.00000000", "quoteQty": "75.35490000", "time": 1633784399388, "isBuyerMaker": true, "isBestMatch": true}, {"id": 37401142, "price": "0.37490000", "qty": "1174.00000000", "quoteQty": "440.13260000", "time": 1633784399397, "isBuyerMaker": true, "isBestMatch": true}, {"id": 37401143, "price": "0.37490000", "qty": "174.00000000", "quoteQty": "65.23260000", "time": 1633784399399, "isBuyerMaker": true, "isBestMatch": true}, {"id": 37401144, "price": "0.37490000", "qty": "4270.00000000", "quoteQty": "1600.82300000", "time": 1633784399410, "isBuyerMaker": true, "isBestMatch": true}, {"id": 37401145, "price": "0.37490000", "qty": "521.00000000", "quoteQty": "195.32290000", "time": 1633784399419, "isBuyerMaker": true, "isBestMatch": true}, {"id": 37401146, "price": "0.37490000", "qty": "1286.00000000", "quoteQty": "482.12140000", "time": 1633784399421, "isBuyerMaker": true, "isBestMatch": true}, {"id": 37401147, "price": "0.37490000", "qty": "604.00000000", "quoteQty": "226.43960000", "time": 1633784399434, "isBuyerMaker": true, "isBestMatch": true}, {"id": 37401148, "price": "0.37490000", "qty": "57.00000000", "quoteQty": "21.36930000", "time": 1633784399943, "isBuyerMaker": true, "isBestMatch": true}, {"id": 37401149, "price": "0.37490000", "qty": "1120.00000000", "quoteQty": "419.88800000", "time": 1633784400701, "isBuyerMaker": true, "isBestMatch": true}, {"id": 37401150, "price": "0.37490000", "qty": "29.00000000", "quoteQty": "10.87210000", "time": 1633784400747, "isBuyerMaker": true, "isBestMatch": true}, {"id": 37401151, "price": "0.37490000", "qty": "225.00000000", "quoteQty": "84.35250000", "time": 1633784401228, "isBuyerMaker": true, "isBestMatch": true}, {"id": 37401152, "price": "0.37490000", "qty": "628.00000000", "quoteQty": "235.43720000", "time": 1633784401453, "isBuyerMaker": true, "isBestMatch": true}, {"id": 37401153, "price": "0.37500000", "qty": "108.00000000", "quoteQty": "40.50000000", "time": 1633784402047, "isBuyerMaker": false, "isBestMatch": true}, {"id": 37401154, "price": "0.37490000", "qty": "114.00000000", "quoteQty": "42.73860000", "time": 1633784402048, "isBuyerMaker": true, "isBestMatch": true}, {"id": 37401155, "price": "0.37490000", "qty": "1002.00000000", "quoteQty": "375.64980000", "time": 1633784402062, "isBuyerMaker": true, "isBestMatch": true}, {"id": 37401156, "price": "0.37500000", "qty": "107.00000000", "quoteQty": "40.12500000", "time": 1633784402153, "isBuyerMaker": false, "isBestMatch": true}, {"id": 37401157, "price": "0.37490000", "qty": "56.00000000", "quoteQty": "20.99440000", "time": 1633784402197, "isBuyerMaker": true, "isBestMatch": true}, {"id": 37401158, "price": "0.37500000", "qty": "108.00000000", "quoteQty": "40.50000000", "time": 1633784402444, "isBuyerMaker": false, "isBestMatch": true}, {"id": 37401159, "price": "0.37500000", "qty": "107.00000000", "quoteQty": "40.12500000", "time": 1633784402640, "isBuyerMaker": false, "isBestMatch": true}, {"id": 37401160, "price": "0.37500000", "qty": "107.00000000", "quoteQty": "40.12500000", "time": 1633784402901, "isBuyerMaker": false, "isBestMatch": true}, {"id": 37401161, "price": "0.37490000", "qty": "2764.00000000", "quoteQty": "1036.22360000", "time": 1633784403673, "isBuyerMaker": true, "isBestMatch": true}, {"id": 37401162, "price": "0.37490000", "qty": "2011.00000000", "quoteQty": "753.92390000", "time": 1633784404026, "isBuyerMaker": true, "isBestMatch": true}, {"id": 37401163, "price": "0.37500000", "qty": "215.00000000", "quoteQty": "80.62500000", "time": 1633784404363, "isBuyerMaker": false, "isBestMatch": true}, {"id": 37401164, "price": "0.37490000", "qty": "85.00000000", "quoteQty": "31.86650000", "time": 1633784405089, "isBuyerMaker": true, "isBestMatch": true}, {"id": 37401165, "price": "0.37490000", "qty": "2778.00000000", "quoteQty": "1041.47220000", "time": 1633784406242, "isBuyerMaker": true, "isBestMatch": true}, {"id": 37401166, "price": "0.37500000", "qty": "575.00000000", "quoteQty": "215.62500000", "time": 1633784409220, "isBuyerMaker": false, "isBestMatch": true}, {"id": 37401167, "price": "0.37490000", "qty": "50.00000000", "quoteQty": "18.74500000", "time": 1633784409518, "isBuyerMaker": true, "isBestMatch": true}, {"id": 37401168, "price": "0.37470000", "qty": "733.00000000", "quoteQty": "274.65510000", "time": 1633784410543, "isBuyerMaker": true, "isBestMatch": true}, {"id": 37401169, "price": "0.37480000", "qty": "266.00000000", "quoteQty": "99.69680000", "time": 1633784412796, "isBuyerMaker": false, "isBestMatch": true}, {"id": 37401170, "price": "0.37470000", "qty": "77.00000000", "quoteQty": "28.85190000", "time": 1633784413050, "isBuyerMaker": true, "isBestMatch": true}, {"id": 37401171, "price": "0.37470000", "qty": "335.00000000", "quoteQty": "125.52450000", "time": 1633784414120, "isBuyerMaker": true, "isBestMatch": true}, {"id": 37401172, "price": "0.37480000", "qty": "32.00000000", "quoteQty": "11.99360000", "time": 1633784418924, "isBuyerMaker": false, "isBestMatch": true}, {"id": 37401173, "price": "0.37480000", "qty": "1341.00000000", "quoteQty": "502.60680000", "time": 1633784418924, "isBuyerMaker": false, "isBestMatch": true}, {"id": 37401174, "price": "0.37480000", "qty": "1341.00000000", "quoteQty": "502.60680000", "time": 1633784418924, "isBuyerMaker": false, "isBestMatch": true}, {"id": 37401175, "price": "0.37480000", "qty": "1341.00000000", "quoteQty": "502.60680000", "time": 1633784418924, "isBuyerMaker": false, "isBestMatch": true}, {"id": 37401176, "price": "0.37480000", "qty": "1075.00000000", "quoteQty": "402.91000000", "time": 1633784418924, "isBuyerMaker": false, "isBestMatch": true}, {"id": 37401177, "price": "0.37480000", "qty": "1340.00000000", "quoteQty": "502.23200000", "time": 1633784418924, "isBuyerMaker": false, "isBestMatch": true}, {"id": 37401178, "price": "0.37480000", "qty": "1341.00000000", "quoteQty": "502.60680000", "time": 1633784418924, "isBuyerMaker": false, "isBestMatch": true}, {"id": 37401179, "price": "0.37480000", "qty": "1296.00000000", "quoteQty": "485.74080000", "time": 1633784418924, "isBuyerMaker": false, "isBestMatch": true}, {"id": 37401180, "price": "0.37480000", "qty": "1340.00000000", "quoteQty": "502.23200000", "time": 1633784418924, "isBuyerMaker": false, "isBestMatch": true}, {"id": 37401181, "price": "0.37490000", "qty": "46.00000000", "quoteQty": "17.24540000", "time": 1633784420177, "isBuyerMaker": true, "isBestMatch": true}, {"id": 37401182, "price": "0.37500000", "qty": "509.00000000", "quoteQty": "190.87500000", "time": 1633784434425, "isBuyerMaker": false, "isBestMatch": true}, {"id": 37401183, "price": "0.37500000", "qty": "461.00000000", "quoteQty": "172.87500000", "time": 1633784434432, "isBuyerMaker": false, "isBestMatch": true}, {"id": 37401184, "price": "0.37500000", "qty": "556.00000000", "quoteQty": "208.50000000", "time": 1633784434434, "isBuyerMaker": false, "isBestMatch": true}, {"id": 37401185, "price": "0.37500000", "qty": "3687.00000000", "quoteQty": "1382.62500000", "time": 1633784434435, "isBuyerMaker": false, "isBestMatch": true}, {"id": 37401186, "price": "0.37500000", "qty": "204.00000000", "quoteQty": "76.50000000", "time": 1633784434435, "isBuyerMaker": false, "isBestMatch": true}, {"id": 37401187, "price": "0.37520000", "qty": "499.00000000", "quoteQty": "187.22480000", "time": 1633784436542, "isBuyerMaker": false, "isBestMatch": true}, {"id": 37401188, "price": "0.37520000", "qty": "1136.00000000", "quoteQty": "426.22720000", "time": 1633784436682, "isBuyerMaker": true, "isBestMatch": true}, {"id": 37401189, "price": "0.37540000", "qty": "29.00000000", "quoteQty": "10.88660000", "time": 1633784436766, "isBuyerMaker": false, "isBestMatch": true}, {"id": 37401190, "price": "0.37520000", "qty": "105.00000000", "quoteQty": "39.39600000", "time": 1633784437458, "isBuyerMaker": true, "isBestMatch": true}, {"id": 37401191, "price": "0.37540000", "qty": "29.00000000", "quoteQty": "10.88660000", "time": 1633784437749, "isBuyerMaker": false, "isBestMatch": true}, {"id": 37401192, "price": "0.37540000", "qty": "1971.00000000", "quoteQty": "739.91340000", "time": 1633784438081, "isBuyerMaker": false, "isBestMatch": true}, {"id": 37401193, "price": "0.37540000", "qty": "46.00000000", "quoteQty": "17.26840000", "time": 1633784438081, "isBuyerMaker": false, "isBestMatch": true}, {"id": 37401194, "price": "0.37520000", "qty": "350.00000000", "quoteQty": "131.32000000", "time": 1633784438653, "isBuyerMaker": true, "isBestMatch": true}, {"id": 37401195, "price": "0.37540000", "qty": "386.00000000", "quoteQty": "144.90440000", "time": 1633784439646, "isBuyerMaker": false, "isBestMatch": true}, {"id": 37401196, "price": "0.37520000", "qty": "198.00000000", "quoteQty": "74.28960000", "time": 1633784441071, "isBuyerMaker": true, "isBestMatch": true}, {"id": 37401197, "price": "0.37530000", "qty": "2000.00000000", "quoteQty": "750.60000000", "time": 1633784441264, "isBuyerMaker": true, "isBestMatch": true}, {"id": 37401198, "price": "0.37520000", "qty": "211.00000000", "quoteQty": "79.16720000", "time": 1633784444832, "isBuyerMaker": true, "isBestMatch": true}, {"id": 37401199, "price": "0.37520000", "qty": "798.00000000", "quoteQty": "299.40960000", "time": 1633784444832, "isBuyerMaker": true, "isBestMatch": true}, {"id": 37401200, "price": "0.37520000", "qty": "1763.00000000", "quoteQty": "661.47760000", "time": 1633784444832, "isBuyerMaker": true, "isBestMatch": true}, {"id": 37401201, "price": "0.37540000", "qty": "61.00000000", "quoteQty": "22.89940000", "time": 1633784450818, "isBuyerMaker": false, "isBestMatch": true}, {"id": 37401202, "price": "0.37520000", "qty": "570.00000000", "quoteQty": "213.86400000", "time": 1633784451280, "isBuyerMaker": true, "isBestMatch": true}, {"id": 37401203, "price": "0.37530000", "qty": "532.00000000", "quoteQty": "199.65960000", "time": 1633784453646, "isBuyerMaker": false, "isBestMatch": true}, {"id": 37401204, "price": "0.37530000", "qty": "115.00000000", "quoteQty": "43.15950000", "time": 1633784456816, "isBuyerMaker": true, "isBestMatch": true}, {"id": 37401205, "price": "0.37530000", "qty": "162.00000000", "quoteQty": "60.79860000", "time": 1633784459670, "isBuyerMaker": true, "isBestMatch": true}, {"id": 37401206, "price": "0.37530000", "qty": "39.00000000", "quoteQty": "14.63670000", "time": 1633784470174, "isBuyerMaker": false, "isBestMatch": true}, {"id": 37401207, "price": "0.37530000", "qty": "351.00000000", "quoteQty": "131.73030000", "time": 1633784472198, "isBuyerMaker": true, "isBestMatch": true}, {"id": 37401208, "price": "0.37550000", "qty": "54.00000000", "quoteQty": "20.27700000", "time": 1633784472622, "isBuyerMaker": false, "isBestMatch": true}, {"id": 37401209, "price": "0.37530000", "qty": "111.00000000", "quoteQty": "41.65830000", "time": 1633784474060, "isBuyerMaker": true, "isBestMatch": true}, {"id": 37401210, "price": "0.37550000", "qty": "80.00000000", "quoteQty": "30.04000000", "time": 1633784474349, "isBuyerMaker": false, "isBestMatch": true}, {"id": 37401211, "price": "0.37550000", "qty": "113.00000000", "quoteQty": "42.43150000", "time": 1633784476316, "isBuyerMaker": false, "isBestMatch": true}, {"id": 37401212, "price": "0.37550000", "qty": "57.00000000", "quoteQty": "21.40350000", "time": 1633784476316, "isBuyerMaker": false, "isBestMatch": true}, {"id": 37401213, "price": "0.37530000", "qty": "978.00000000", "quoteQty": "367.04340000", "time": 1633784478485, "isBuyerMaker": true, "isBestMatch": true}, {"id": 37401214, "price": "0.37530000", "qty": "2000.00000000", "quoteQty": "750.60000000", "time": 1633784478485, "isBuyerMaker": true, "isBestMatch": true}, {"id": 37401215, "price": "0.37530000", "qty": "666.00000000", "quoteQty": "249.94980000", "time": 1633784478485, "isBuyerMaker": true, "isBestMatch": true}, {"id": 37401216, "price": "0.37550000", "qty": "32.00000000", "quoteQty": "12.01600000", "time": 1633784480254, "isBuyerMaker": false, "isBestMatch": true}, {"id": 37401217, "price": "0.37540000", "qty": "103.00000000", "quoteQty": "38.66620000", "time": 1633784487069, "isBuyerMaker": true, "isBestMatch": true}, {"id": 37401218, "price": "0.37540000", "qty": "160.00000000", "quoteQty": "60.06400000", "time": 1633784487604, "isBuyerMaker": true, "isBestMatch": true}, {"id": 37401219, "price": "0.37550000", "qty": "29.00000000", "quoteQty": "10.88950000", "time": 1633784487786, "isBuyerMaker": false, "isBestMatch": true}, {"id": 37401220, "price": "0.37560000", "qty": "10.00000000", "quoteQty": "3.75600000", "time": 1633784487786, "isBuyerMaker": false, "isBestMatch": true}, {"id": 37401221, "price": "0.37560000", "qty": "547.00000000", "quoteQty": "205.45320000", "time": 1633784490583, "isBuyerMaker": false, "isBestMatch": true}, {"id": 37401222, "price": "0.37540000", "qty": "1269.00000000", "quoteQty": "476.38260000", "time": 1633784492114, "isBuyerMaker": true, "isBestMatch": true}, {"id": 37401223, "price": "0.37540000", "qty": "468.00000000", "quoteQty": "175.68720000", "time": 1633784492656, "isBuyerMaker": true, "isBestMatch": true}, {"id": 37401224, "price": "0.37540000", "qty": "39.00000000", "quoteQty": "14.64060000", "time": 1633784492656, "isBuyerMaker": true, "isBestMatch": true}, {"id": 37401225, "price": "0.37540000", "qty": "203.00000000", "quoteQty": "76.20620000", "time": 1633784492924, "isBuyerMaker": true, "isBestMatch": true}, {"id": 37401226, "price": "0.37540000", "qty": "2000.00000000", "quoteQty": "750.80000000", "time": 1633784498606, "isBuyerMaker": true, "isBestMatch": true}, {"id": 37401227, "price": "0.37540000", "qty": "171.00000000", "quoteQty": "64.19340000", "time": 1633784498606, "isBuyerMaker": true, "isBestMatch": true}, {"id": 37401228, "price": "0.37530000", "qty": "2000.00000000", "quoteQty": "750.60000000", "time": 1633784498606, "isBuyerMaker": true, "isBestMatch": true}, {"id": 37401229, "price": "0.37530000", "qty": "1153.00000000", "quoteQty": "432.72090000", "time": 1633784498606, "isBuyerMaker": true, "isBestMatch": true}, {"id": 37401230, "price": "0.37550000", "qty": "40.00000000", "quoteQty": "15.02000000", "time": 1633784499383, "isBuyerMaker": false, "isBestMatch": true}, {"id": 37401231, "price": "0.37560000", "qty": "10.00000000", "quoteQty": "3.75600000", "time": 1633784499383, "isBuyerMaker": false, "isBestMatch": true}, {"id": 37401232, "price": "0.37560000", "qty": "370.00000000", "quoteQty": "138.97200000", "time": 1633784502285, "isBuyerMaker": false, "isBestMatch": true}, {"id": 37401233, "price": "0.37560000", "qty": "117.00000000", "quoteQty": "43.94520000", "time": 1633784505079, "isBuyerMaker": false, "isBestMatch": true}, {"id": 37401234, "price": "0.37530000", "qty": "1218.00000000", "quoteQty": "457.11540000", "time": 1633784507452, "isBuyerMaker": true, "isBestMatch": true}, {"id": 37401235, "price": "0.37550000", "qty": "798.00000000", "quoteQty": "299.64900000", "time": 1633784508505, "isBuyerMaker": false, "isBestMatch": true}, {"id": 37401236, "price": "0.37560000", "qty": "77.00000000", "quoteQty": "28.92120000", "time": 1633784508505, "isBuyerMaker": false, "isBestMatch": true}, {"id": 37401237, "price": "0.37550000", "qty": "29.00000000", "quoteQty": "10.88950000", "time": 1633784509977, "isBuyerMaker": false, "isBestMatch": true}, {"id": 37401238, "price": "0.37530000", "qty": "28.00000000", "quoteQty": "10.50840000", "time": 1633784512497, "isBuyerMaker": true, "isBestMatch": true}, {"id": 37401239, "price": "0.37520000", "qty": "64.00000000", "quoteQty": "24.01280000", "time": 1633784512497, "isBuyerMaker": true, "isBestMatch": true}, {"id": 37401240, "price": "0.37520000", "qty": "1224.00000000", "quoteQty": "459.24480000", "time": 1633784513253, "isBuyerMaker": true, "isBestMatch": true}, {"id": 37401241, "price": "0.37520000", "qty": "1345.00000000", "quoteQty": "504.64400000", "time": 1633784513253, "isBuyerMaker": true, "isBestMatch": true}, {"id": 37401242, "price": "0.37520000", "qty": "655.00000000", "quoteQty": "245.75600000", "time": 1633784513796, "isBuyerMaker": true, "isBestMatch": true}, {"id": 37401243, "price": "0.37520000", "qty": "373.00000000", "quoteQty": "139.94960000", "time": 1633784513796, "isBuyerMaker": true, "isBestMatch": true}, {"id": 37401244, "price": "0.37520000", "qty": "591.00000000", "quoteQty": "221.74320000", "time": 1633784514069, "isBuyerMaker": true, "isBestMatch": true}, {"id": 37401245, "price": "0.37540000", "qty": "1331.00000000", "quoteQty": "499.65740000", "time": 1633784514232, "isBuyerMaker": false, "isBestMatch": true}, {"id": 37401246, "price": "0.37540000", "qty": "669.00000000", "quoteQty": "251.14260000", "time": 1633784516171, "isBuyerMaker": false, "isBestMatch": true}, {"id": 37401247, "price": "0.37540000", "qty": "2588.00000000", "quoteQty": "971.53520000", "time": 1633784516171, "isBuyerMaker": false, "isBestMatch": true}, {"id": 37401248, "price": "0.37540000", "qty": "2581.00000000", "quoteQty": "968.90740000", "time": 1633784516171, "isBuyerMaker": false, "isBestMatch": true}, {"id": 37401249, "price": "0.37550000", "qty": "1971.00000000", "quoteQty": "740.11050000", "time": 1633784516171, "isBuyerMaker": false, "isBestMatch": true}, {"id": 37401250, "price": "0.37550000", "qty": "1271.00000000", "quoteQty": "477.26050000", "time": 1633784516171, "isBuyerMaker": false, "isBestMatch": true}, {"id": 37401251, "price": "0.37540000", "qty": "2000.00000000", "quoteQty": "750.80000000", "time": 1633784516452, "isBuyerMaker": false, "isBestMatch": true}, {"id": 37401252, "price": "0.37540000", "qty": "2000.00000000", "quoteQty": "750.80000000", "time": 1633784519508, "isBuyerMaker": false, "isBestMatch": true}, {"id": 37401253, "price": "0.37550000", "qty": "28.00000000", "quoteQty": "10.51400000", "time": 1633784519586, "isBuyerMaker": false, "isBestMatch": true}, {"id": 37401254, "price": "0.37550000", "qty": "229.00000000", "quoteQty": "85.98950000", "time": 1633784525127, "isBuyerMaker": false, "isBestMatch": true}, {"id": 37401255, "price": "0.37550000", "qty": "73.00000000", "quoteQty": "27.41150000", "time": 1633784525213, "isBuyerMaker": true, "isBestMatch": true}, {"id": 37401256, "price": "0.37560000", "qty": "960.00000000", "quoteQty": "360.57600000", "time": 1633784526121, "isBuyerMaker": true, "isBestMatch": true}, {"id": 37401257, "price": "0.37560000", "qty": "375.00000000", "quoteQty": "140.85000000", "time": 1633784529200, "isBuyerMaker": true, "isBestMatch": true}, {"id": 37401258, "price": "0.37560000", "qty": "147.00000000", "quoteQty": "55.21320000", "time": 1633784536932, "isBuyerMaker": true, "isBestMatch": true}, {"id": 37401259, "price": "0.37550000", "qty": "185.00000000", "quoteQty": "69.46750000", "time": 1633784542477, "isBuyerMaker": true, "isBestMatch": true}, {"id": 37401260, "price": "0.37560000", "qty": "795.00000000", "quoteQty": "298.60200000", "time": 1633784547492, "isBuyerMaker": false, "isBestMatch": true}, {"id": 37401261, "price": "0.37560000", "qty": "34.00000000", "quoteQty": "12.77040000", "time": 1633784547492, "isBuyerMaker": false, "isBestMatch": true}, {"id": 37401262, "price": "0.37560000", "qty": "133.00000000", "quoteQty": "49.95480000", "time": 1633784547492, "isBuyerMaker": false, "isBestMatch": true}, {"id": 37401263, "price": "0.37560000", "qty": "34.00000000", "quoteQty": "12.77040000", "time": 1633784547492, "isBuyerMaker": false, "isBestMatch": true}, {"id": 37401264, "price": "0.37570000", "qty": "130.00000000", "quoteQty": "48.84100000", "time": 1633784552362, "isBuyerMaker": true, "isBestMatch": true}, {"id": 37401265, "price": "0.37580000", "qty": "536.00000000", "quoteQty": "201.42880000", "time": 1633784553398, "isBuyerMaker": false, "isBestMatch": true}, {"id": 37401266, "price": "0.37580000", "qty": "55.00000000", "quoteQty": "20.66900000", "time": 1633784554443, "isBuyerMaker": true, "isBestMatch": true}, {"id": 37401267, "price": "0.37580000", "qty": "395.00000000", "quoteQty": "148.44100000", "time": 1633784554843, "isBuyerMaker": true, "isBestMatch": true}, {"id": 37401268, "price": "0.37590000", "qty": "257.00000000", "quoteQty": "96.60630000", "time": 1633784557020, "isBuyerMaker": true, "isBestMatch": true}, {"id": 37401269, "price": "0.37590000", "qty": "169.00000000", "quoteQty": "63.52710000", "time": 1633784557077, "isBuyerMaker": true, "isBestMatch": true}, {"id": 37401270, "price": "0.37590000", "qty": "175.00000000", "quoteQty": "65.78250000", "time": 1633784557121, "isBuyerMaker": true, "isBestMatch": true}, {"id": 37401271, "price": "0.37590000", "qty": "754.00000000", "quoteQty": "283.42860000", "time": 1633784559408, "isBuyerMaker": false, "isBestMatch": true}, {"id": 37401272, "price": "0.37580000", "qty": "133.00000000", "quoteQty": "49.98140000", "time": 1633784562123, "isBuyerMaker": true, "isBestMatch": true}, {"id": 37401273, "price": "0.37580000", "qty": "126.00000000", "quoteQty": "47.35080000", "time": 1633784563431, "isBuyerMaker": true, "isBestMatch": true}, {"id": 37401274, "price": "0.37580000", "qty": "514.00000000", "quoteQty": "193.16120000", "time": 1633784564740, "isBuyerMaker": true, "isBestMatch": true}, {"id": 37401275, "price": "0.37570000", "qty": "2000.00000000", "quoteQty": "751.40000000", "time": 1633784564740, "isBuyerMaker": true, "isBestMatch": true}, {"id": 37401276, "price": "0.37570000", "qty": "256.00000000", "quoteQty": "96.17920000", "time": 1633784564740, "isBuyerMaker": true, "isBestMatch": true}, {"id": 37401277, "price": "0.37590000", "qty": "930.00000000", "quoteQty": "349.58700000", "time": 1633784565171, "isBuyerMaker": false, "isBestMatch": true}, {"id": 37401278, "price": "0.37570000", "qty": "344.00000000", "quoteQty": "129.24080000", "time": 1633784566963, "isBuyerMaker": true, "isBestMatch": true}, {"id": 37401279, "price": "0.37590000", "qty": "278.00000000", "quoteQty": "104.50020000", "time": 1633784568048, "isBuyerMaker": false, "isBestMatch": true}]