[{"id": 41659314, "price": "1.20910000", "qty": "10.00000000", "quoteQty": "12.09100000", "time": 1633512039375, "isBuyerMaker": false, "isBestMatch": true}, {"id": 41659315, "price": "1.20910000", "qty": "16.00000000", "quoteQty": "19.34560000", "time": 1633512039375, "isBuyerMaker": false, "isBestMatch": true}, {"id": 41659316, "price": "1.20910000", "qty": "33.00000000", "quoteQty": "39.90030000", "time": 1633512039379, "isBuyerMaker": false, "isBestMatch": true}, {"id": 41659317, "price": "1.20910000", "qty": "10.00000000", "quoteQty": "12.09100000", "time": 1633512039379, "isBuyerMaker": false, "isBestMatch": true}, {"id": 41659318, "price": "1.20910000", "qty": "24.00000000", "quoteQty": "29.01840000", "time": 1633512039380, "isBuyerMaker": false, "isBestMatch": true}, {"id": 41659319, "price": "1.20910000", "qty": "12.00000000", "quoteQty": "14.50920000", "time": 1633512039396, "isBuyerMaker": false, "isBestMatch": true}, {"id": 41659320, "price": "1.20910000", "qty": "12.00000000", "quoteQty": "14.50920000", "time": 1633512039445, "isBuyerMaker": false, "isBestMatch": true}, {"id": 41659321, "price": "1.20900000", "qty": "12.00000000", "quoteQty": "14.50800000", "time": 1633512039454, "isBuyerMaker": false, "isBestMatch": true}, {"id": 41659322, "price": "1.20900000", "qty": "10.00000000", "quoteQty": "12.09000000", "time": 1633512039461, "isBuyerMaker": false, "isBestMatch": true}, {"id": 41659323, "price": "1.20900000", "qty": "16.00000000", "quoteQty": "19.34400000", "time": 1633512039468, "isBuyerMaker": false, "isBestMatch": true}, {"id": 41659324, "price": "1.20900000", "qty": "4.00000000", "quoteQty": "4.83600000", "time": 1633512039472, "isBuyerMaker": false, "isBestMatch": true}, {"id": 41659325, "price": "1.20900000", "qty": "8.00000000", "quoteQty": "9.67200000", "time": 1633512039472, "isBuyerMaker": false, "isBestMatch": true}, {"id": 41659326, "price": "1.20900000", "qty": "12.00000000", "quoteQty": "14.50800000", "time": 1633512039475, "isBuyerMaker": false, "isBestMatch": true}, {"id": 41659327, "price": "1.20890000", "qty": "166.00000000", "quoteQty": "200.67740000", "time": 1633512042786, "isBuyerMaker": false, "isBestMatch": true}, {"id": 41659328, "price": "1.20890000", "qty": "140.00000000", "quoteQty": "169.24600000", "time": 1633512042786, "isBuyerMaker": false, "isBestMatch": true}, {"id": 41659329, "price": "1.20860000", "qty": "23.00000000", "quoteQty": "27.79780000", "time": 1633512043979, "isBuyerMaker": false, "isBestMatch": true}, {"id": 41659330, "price": "1.20840000", "qty": "30.00000000", "quoteQty": "36.25200000", "time": 1633512044726, "isBuyerMaker": false, "isBestMatch": true}, {"id": 41659331, "price": "1.21030000", "qty": "282.00000000", "quoteQty": "341.30460000", "time": 1633512047985, "isBuyerMaker": false, "isBestMatch": true}, {"id": 41659332, "price": "1.20920000", "qty": "139.00000000", "quoteQty": "168.07880000", "time": 1633512048156, "isBuyerMaker": true, "isBestMatch": true}, {"id": 41659333, "price": "1.20910000", "qty": "45.00000000", "quoteQty": "54.40950000", "time": 1633512051046, "isBuyerMaker": true, "isBestMatch": true}, {"id": 41659334, "price": "1.20900000", "qty": "856.00000000", "quoteQty": "1034.90400000", "time": 1633512051194, "isBuyerMaker": true, "isBestMatch": true}, {"id": 41659335, "price": "1.20900000", "qty": "224.00000000", "quoteQty": "270.81600000", "time": 1633512051194, "isBuyerMaker": true, "isBestMatch": true}, {"id": 41659336, "price": "1.20900000", "qty": "776.00000000", "quoteQty": "938.18400000", "time": 1633512051200, "isBuyerMaker": true, "isBestMatch": true}, {"id": 41659337, "price": "1.20890000", "qty": "113.00000000", "quoteQty": "136.60570000", "time": 1633512053220, "isBuyerMaker": false, "isBestMatch": true}, {"id": 41659338, "price": "1.20890000", "qty": "297.00000000", "quoteQty": "359.04330000", "time": 1633512054377, "isBuyerMaker": false, "isBestMatch": true}, {"id": 41659339, "price": "1.20920000", "qty": "81.00000000", "quoteQty": "97.94520000", "time": 1633512055444, "isBuyerMaker": false, "isBestMatch": true}, {"id": 41659340, "price": "1.20980000", "qty": "39.00000000", "quoteQty": "47.18220000", "time": 1633512056348, "isBuyerMaker": false, "isBestMatch": true}, {"id": 41659341, "price": "1.20980000", "qty": "410.00000000", "quoteQty": "496.01800000", "time": 1633512057400, "isBuyerMaker": true, "isBestMatch": true}, {"id": 41659342, "price": "1.20970000", "qty": "856.00000000", "quoteQty": "1035.50320000", "time": 1633512057400, "isBuyerMaker": true, "isBestMatch": true}, {"id": 41659343, "price": "1.20950000", "qty": "27.00000000", "quoteQty": "32.65650000", "time": 1633512057400, "isBuyerMaker": true, "isBestMatch": true}, {"id": 41659344, "price": "1.20980000", "qty": "10.00000000", "quoteQty": "12.09800000", "time": 1633512057956, "isBuyerMaker": true, "isBestMatch": true}, {"id": 41659345, "price": "1.21120000", "qty": "49.00000000", "quoteQty": "59.34880000", "time": 1633512058839, "isBuyerMaker": false, "isBestMatch": true}, {"id": 41659346, "price": "1.21100000", "qty": "49.00000000", "quoteQty": "59.33900000", "time": 1633512058963, "isBuyerMaker": false, "isBestMatch": true}, {"id": 41659347, "price": "1.21090000", "qty": "49.00000000", "quoteQty": "59.33410000", "time": 1633512059016, "isBuyerMaker": false, "isBestMatch": true}, {"id": 41659348, "price": "1.21090000", "qty": "55.00000000", "quoteQty": "66.59950000", "time": 1633512059017, "isBuyerMaker": false, "isBestMatch": true}, {"id": 41659349, "price": "1.21090000", "qty": "49.00000000", "quoteQty": "59.33410000", "time": 1633512059024, "isBuyerMaker": false, "isBestMatch": true}, {"id": 41659350, "price": "1.20970000", "qty": "49.00000000", "quoteQty": "59.27530000", "time": 1633512061889, "isBuyerMaker": true, "isBestMatch": true}, {"id": 41659351, "price": "1.20910000", "qty": "166.00000000", "quoteQty": "200.71060000", "time": 1633512061889, "isBuyerMaker": true, "isBestMatch": true}, {"id": 41659352, "price": "1.20890000", "qty": "10.00000000", "quoteQty": "12.08900000", "time": 1633512061889, "isBuyerMaker": true, "isBestMatch": true}, {"id": 41659353, "price": "1.20900000", "qty": "396.00000000", "quoteQty": "478.76400000", "time": 1633512062339, "isBuyerMaker": true, "isBestMatch": true}, {"id": 41659354, "price": "1.20900000", "qty": "14.00000000", "quoteQty": "16.92600000", "time": 1633512062340, "isBuyerMaker": true, "isBestMatch": true}, {"id": 41659355, "price": "1.20900000", "qty": "856.00000000", "quoteQty": "1034.90400000", "time": 1633512062340, "isBuyerMaker": true, "isBestMatch": true}, {"id": 41659356, "price": "1.20900000", "qty": "410.00000000", "quoteQty": "495.69000000", "time": 1633512062364, "isBuyerMaker": true, "isBestMatch": true}, {"id": 41659357, "price": "1.20790000", "qty": "53.00000000", "quoteQty": "64.01870000", "time": 1633512063514, "isBuyerMaker": true, "isBestMatch": true}, {"id": 41659358, "price": "1.20590000", "qty": "1556.00000000", "quoteQty": "1876.38040000", "time": 1633512073302, "isBuyerMaker": true, "isBestMatch": true}, {"id": 41659359, "price": "1.20570000", "qty": "3400.00000000", "quoteQty": "4099.38000000", "time": 1633512074782, "isBuyerMaker": false, "isBestMatch": true}, {"id": 41659360, "price": "1.20570000", "qty": "219.00000000", "quoteQty": "264.04830000", "time": 1633512074785, "isBuyerMaker": false, "isBestMatch": true}, {"id": 41659361, "price": "1.20570000", "qty": "400.00000000", "quoteQty": "482.28000000", "time": 1633512074809, "isBuyerMaker": false, "isBestMatch": true}, {"id": 41659362, "price": "1.20570000", "qty": "2847.00000000", "quoteQty": "3432.62790000", "time": 1633512074812, "isBuyerMaker": false, "isBestMatch": true}, {"id": 41659363, "price": "1.20540000", "qty": "27.00000000", "quoteQty": "32.54580000", "time": 1633512075440, "isBuyerMaker": true, "isBestMatch": true}, {"id": 41659364, "price": "1.20590000", "qty": "162.00000000", "quoteQty": "195.35580000", "time": 1633512078428, "isBuyerMaker": false, "isBestMatch": true}, {"id": 41659365, "price": "1.20640000", "qty": "410.00000000", "quoteQty": "494.62400000", "time": 1633512079814, "isBuyerMaker": false, "isBestMatch": true}, {"id": 41659366, "price": "1.20650000", "qty": "9.00000000", "quoteQty": "10.85850000", "time": 1633512079814, "isBuyerMaker": false, "isBestMatch": true}, {"id": 41659367, "price": "1.20640000", "qty": "271.00000000", "quoteQty": "326.93440000", "time": 1633512080374, "isBuyerMaker": false, "isBestMatch": true}, {"id": 41659368, "price": "1.20640000", "qty": "139.00000000", "quoteQty": "167.68960000", "time": 1633512080414, "isBuyerMaker": false, "isBestMatch": true}, {"id": 41659369, "price": "1.20670000", "qty": "132.00000000", "quoteQty": "159.28440000", "time": 1633512080414, "isBuyerMaker": false, "isBestMatch": true}, {"id": 41659370, "price": "1.20640000", "qty": "271.00000000", "quoteQty": "326.93440000", "time": 1633512080644, "isBuyerMaker": false, "isBestMatch": true}, {"id": 41659371, "price": "1.20650000", "qty": "54.00000000", "quoteQty": "65.15100000", "time": 1633512080685, "isBuyerMaker": false, "isBestMatch": true}, {"id": 41659372, "price": "1.20650000", "qty": "185.00000000", "quoteQty": "223.20250000", "time": 1633512080750, "isBuyerMaker": false, "isBestMatch": true}, {"id": 41659373, "price": "1.20600000", "qty": "126.00000000", "quoteQty": "151.95600000", "time": 1633512085523, "isBuyerMaker": false, "isBestMatch": true}, {"id": 41659374, "price": "1.20600000", "qty": "1043.00000000", "quoteQty": "1257.85800000", "time": 1633512085677, "isBuyerMaker": false, "isBestMatch": true}, {"id": 41659375, "price": "1.20590000", "qty": "358.00000000", "quoteQty": "431.71220000", "time": 1633512085771, "isBuyerMaker": false, "isBestMatch": true}, {"id": 41659376, "price": "1.20590000", "qty": "125.00000000", "quoteQty": "150.73750000", "time": 1633512086169, "isBuyerMaker": false, "isBestMatch": true}, {"id": 41659377, "price": "1.20590000", "qty": "15.00000000", "quoteQty": "18.08850000", "time": 1633512086250, "isBuyerMaker": false, "isBestMatch": true}, {"id": 41659378, "price": "1.20590000", "qty": "15.00000000", "quoteQty": "18.08850000", "time": 1633512086862, "isBuyerMaker": false, "isBestMatch": true}, {"id": 41659379, "price": "1.20590000", "qty": "44.00000000", "quoteQty": "53.05960000", "time": 1633512087211, "isBuyerMaker": false, "isBestMatch": true}, {"id": 41659380, "price": "1.20590000", "qty": "64.00000000", "quoteQty": "77.17760000", "time": 1633512087625, "isBuyerMaker": false, "isBestMatch": true}, {"id": 41659381, "price": "1.20510000", "qty": "43.00000000", "quoteQty": "51.81930000", "time": 1633512088066, "isBuyerMaker": true, "isBestMatch": true}, {"id": 41659382, "price": "1.20510000", "qty": "14.00000000", "quoteQty": "16.87140000", "time": 1633512088303, "isBuyerMaker": true, "isBestMatch": true}, {"id": 41659383, "price": "1.20510000", "qty": "160.00000000", "quoteQty": "192.81600000", "time": 1633512088303, "isBuyerMaker": true, "isBestMatch": true}, {"id": 41659384, "price": "1.20590000", "qty": "40.00000000", "quoteQty": "48.23600000", "time": 1633512088536, "isBuyerMaker": false, "isBestMatch": true}, {"id": 41659385, "price": "1.20510000", "qty": "1454.00000000", "quoteQty": "1752.21540000", "time": 1633512089029, "isBuyerMaker": true, "isBestMatch": true}, {"id": 41659386, "price": "1.20500000", "qty": "248.00000000", "quoteQty": "298.84000000", "time": 1633512089029, "isBuyerMaker": true, "isBestMatch": true}, {"id": 41659387, "price": "1.20500000", "qty": "10.00000000", "quoteQty": "12.05000000", "time": 1633512089029, "isBuyerMaker": true, "isBestMatch": true}, {"id": 41659388, "price": "1.20500000", "qty": "27.00000000", "quoteQty": "32.53500000", "time": 1633512089029, "isBuyerMaker": true, "isBestMatch": true}, {"id": 41659389, "price": "1.20500000", "qty": "20.00000000", "quoteQty": "24.10000000", "time": 1633512089029, "isBuyerMaker": true, "isBestMatch": true}, {"id": 41659390, "price": "1.20490000", "qty": "18.00000000", "quoteQty": "21.68820000", "time": 1633512089029, "isBuyerMaker": true, "isBestMatch": true}, {"id": 41659391, "price": "1.20460000", "qty": "405.00000000", "quoteQty": "487.86300000", "time": 1633512089029, "isBuyerMaker": true, "isBestMatch": true}, {"id": 41659392, "price": "1.20460000", "qty": "910.00000000", "quoteQty": "1096.18600000", "time": 1633512089029, "isBuyerMaker": true, "isBestMatch": true}, {"id": 41659393, "price": "1.20460000", "qty": "491.00000000", "quoteQty": "591.45860000", "time": 1633512089106, "isBuyerMaker": true, "isBestMatch": true}, {"id": 41659394, "price": "1.20400000", "qty": "27.00000000", "quoteQty": "32.50800000", "time": 1633512089208, "isBuyerMaker": true, "isBestMatch": true}, {"id": 41659395, "price": "1.20360000", "qty": "15.00000000", "quoteQty": "18.05400000", "time": 1633512089208, "isBuyerMaker": true, "isBestMatch": true}, {"id": 41659396, "price": "1.20360000", "qty": "7.00000000", "quoteQty": "8.42520000", "time": 1633512089208, "isBuyerMaker": true, "isBestMatch": true}, {"id": 41659397, "price": "1.20460000", "qty": "580.00000000", "quoteQty": "698.66800000", "time": 1633512089623, "isBuyerMaker": false, "isBestMatch": true}, {"id": 41659398, "price": "1.20460000", "qty": "207.00000000", "quoteQty": "249.35220000", "time": 1633512089980, "isBuyerMaker": false, "isBestMatch": true}, {"id": 41659399, "price": "1.20450000", "qty": "351.00000000", "quoteQty": "422.77950000", "time": 1633512090170, "isBuyerMaker": false, "isBestMatch": true}, {"id": 41659400, "price": "1.20510000", "qty": "50.00000000", "quoteQty": "60.25500000", "time": 1633512090183, "isBuyerMaker": false, "isBestMatch": true}, {"id": 41659401, "price": "1.20530000", "qty": "116.00000000", "quoteQty": "139.81480000", "time": 1633512090360, "isBuyerMaker": false, "isBestMatch": true}, {"id": 41659402, "price": "1.20570000", "qty": "167.00000000", "quoteQty": "201.35190000", "time": 1633512090857, "isBuyerMaker": false, "isBestMatch": true}, {"id": 41659403, "price": "1.20580000", "qty": "40.00000000", "quoteQty": "48.23200000", "time": 1633512090857, "isBuyerMaker": false, "isBestMatch": true}, {"id": 41659404, "price": "1.20580000", "qty": "23.00000000", "quoteQty": "27.73340000", "time": 1633512090865, "isBuyerMaker": false, "isBestMatch": true}, {"id": 41659405, "price": "1.20570000", "qty": "23.00000000", "quoteQty": "27.73110000", "time": 1633512091327, "isBuyerMaker": false, "isBestMatch": true}, {"id": 41659406, "price": "1.20570000", "qty": "53.00000000", "quoteQty": "63.90210000", "time": 1633512092693, "isBuyerMaker": false, "isBestMatch": true}, {"id": 41659407, "price": "1.20590000", "qty": "156.00000000", "quoteQty": "188.12040000", "time": 1633512092784, "isBuyerMaker": false, "isBestMatch": true}, {"id": 41659408, "price": "1.20630000", "qty": "16.00000000", "quoteQty": "19.30080000", "time": 1633512093095, "isBuyerMaker": false, "isBestMatch": true}, {"id": 41659409, "price": "1.20670000", "qty": "200.00000000", "quoteQty": "241.34000000", "time": 1633512093521, "isBuyerMaker": false, "isBestMatch": true}, {"id": 41659410, "price": "1.20670000", "qty": "47.00000000", "quoteQty": "56.71490000", "time": 1633512093522, "isBuyerMaker": false, "isBestMatch": true}, {"id": 41659411, "price": "1.20670000", "qty": "200.00000000", "quoteQty": "241.34000000", "time": 1633512093525, "isBuyerMaker": false, "isBestMatch": true}, {"id": 41659412, "price": "1.20720000", "qty": "41.00000000", "quoteQty": "49.49520000", "time": 1633512093717, "isBuyerMaker": false, "isBestMatch": true}, {"id": 41659413, "price": "1.20720000", "qty": "10.00000000", "quoteQty": "12.07200000", "time": 1633512093724, "isBuyerMaker": false, "isBestMatch": true}, {"id": 41659414, "price": "1.20720000", "qty": "12.00000000", "quoteQty": "14.48640000", "time": 1633512093748, "isBuyerMaker": false, "isBestMatch": true}, {"id": 41659415, "price": "1.20920000", "qty": "10.00000000", "quoteQty": "12.09200000", "time": 1633512095098, "isBuyerMaker": false, "isBestMatch": true}, {"id": 41659416, "price": "1.20920000", "qty": "16.00000000", "quoteQty": "19.34720000", "time": 1633512095264, "isBuyerMaker": false, "isBestMatch": true}, {"id": 41659417, "price": "1.20920000", "qty": "16.00000000", "quoteQty": "19.34720000", "time": 1633512095560, "isBuyerMaker": false, "isBestMatch": true}, {"id": 41659418, "price": "1.20930000", "qty": "16.00000000", "quoteQty": "19.34880000", "time": 1633512095838, "isBuyerMaker": false, "isBestMatch": true}, {"id": 41659419, "price": "1.20930000", "qty": "16.00000000", "quoteQty": "19.34880000", "time": 1633512095856, "isBuyerMaker": false, "isBestMatch": true}, {"id": 41659420, "price": "1.20930000", "qty": "10.00000000", "quoteQty": "12.09300000", "time": 1633512095859, "isBuyerMaker": false, "isBestMatch": true}, {"id": 41659421, "price": "1.20930000", "qty": "6.00000000", "quoteQty": "7.25580000", "time": 1633512095859, "isBuyerMaker": false, "isBestMatch": true}, {"id": 41659422, "price": "1.20930000", "qty": "16.00000000", "quoteQty": "19.34880000", "time": 1633512095927, "isBuyerMaker": false, "isBestMatch": true}, {"id": 41659423, "price": "1.20930000", "qty": "16.00000000", "quoteQty": "19.34880000", "time": 1633512096309, "isBuyerMaker": false, "isBestMatch": true}, {"id": 41659424, "price": "1.20930000", "qty": "4.00000000", "quoteQty": "4.83720000", "time": 1633512096331, "isBuyerMaker": false, "isBestMatch": true}, {"id": 41659425, "price": "1.20930000", "qty": "6.00000000", "quoteQty": "7.25580000", "time": 1633512096331, "isBuyerMaker": false, "isBestMatch": true}, {"id": 41659426, "price": "1.20930000", "qty": "12.00000000", "quoteQty": "14.51160000", "time": 1633512096338, "isBuyerMaker": false, "isBestMatch": true}, {"id": 41659427, "price": "1.20950000", "qty": "10.00000000", "quoteQty": "12.09500000", "time": 1633512096503, "isBuyerMaker": false, "isBestMatch": true}, {"id": 41659428, "price": "1.20950000", "qty": "10.00000000", "quoteQty": "12.09500000", "time": 1633512096562, "isBuyerMaker": false, "isBestMatch": true}, {"id": 41659429, "price": "1.20950000", "qty": "10.00000000", "quoteQty": "12.09500000", "time": 1633512096715, "isBuyerMaker": false, "isBestMatch": true}, {"id": 41659430, "price": "1.20950000", "qty": "28.00000000", "quoteQty": "33.86600000", "time": 1633512097042, "isBuyerMaker": false, "isBestMatch": true}, {"id": 41659431, "price": "1.20950000", "qty": "24.00000000", "quoteQty": "29.02800000", "time": 1633512097055, "isBuyerMaker": false, "isBestMatch": true}, {"id": 41659432, "price": "1.20950000", "qty": "16.00000000", "quoteQty": "19.35200000", "time": 1633512097079, "isBuyerMaker": false, "isBestMatch": true}, {"id": 41659433, "price": "1.20950000", "qty": "12.00000000", "quoteQty": "14.51400000", "time": 1633512097136, "isBuyerMaker": false, "isBestMatch": true}, {"id": 41659434, "price": "1.20950000", "qty": "16.00000000", "quoteQty": "19.35200000", "time": 1633512097838, "isBuyerMaker": false, "isBestMatch": true}, {"id": 41659435, "price": "1.20950000", "qty": "33.00000000", "quoteQty": "39.91350000", "time": 1633512097920, "isBuyerMaker": false, "isBestMatch": true}, {"id": 41659436, "price": "1.20950000", "qty": "12.00000000", "quoteQty": "14.51400000", "time": 1633512099631, "isBuyerMaker": false, "isBestMatch": true}, {"id": 41659437, "price": "1.20950000", "qty": "37.00000000", "quoteQty": "44.75150000", "time": 1633512100024, "isBuyerMaker": false, "isBestMatch": true}, {"id": 41659438, "price": "1.20970000", "qty": "45.00000000", "quoteQty": "54.43650000", "time": 1633512100024, "isBuyerMaker": false, "isBestMatch": true}, {"id": 41659439, "price": "1.20810000", "qty": "50.00000000", "quoteQty": "60.40500000", "time": 1633512100517, "isBuyerMaker": true, "isBestMatch": true}, {"id": 41659440, "price": "1.20810000", "qty": "360.00000000", "quoteQty": "434.91600000", "time": 1633512101156, "isBuyerMaker": true, "isBestMatch": true}, {"id": 41659441, "price": "1.20810000", "qty": "364.00000000", "quoteQty": "439.74840000", "time": 1633512101156, "isBuyerMaker": true, "isBestMatch": true}, {"id": 41659442, "price": "1.20940000", "qty": "132.00000000", "quoteQty": "159.64080000", "time": 1633512102743, "isBuyerMaker": false, "isBestMatch": true}, {"id": 41659443, "price": "1.20940000", "qty": "16.00000000", "quoteQty": "19.35040000", "time": 1633512102979, "isBuyerMaker": false, "isBestMatch": true}, {"id": 41659444, "price": "1.20840000", "qty": "400.00000000", "quoteQty": "483.36000000", "time": 1633512103687, "isBuyerMaker": true, "isBestMatch": true}, {"id": 41659445, "price": "1.20820000", "qty": "43.00000000", "quoteQty": "51.95260000", "time": 1633512103778, "isBuyerMaker": true, "isBestMatch": true}, {"id": 41659446, "price": "1.20670000", "qty": "11.00000000", "quoteQty": "13.27370000", "time": 1633512105438, "isBuyerMaker": true, "isBestMatch": true}, {"id": 41659447, "price": "1.20640000", "qty": "104.00000000", "quoteQty": "125.46560000", "time": 1633512108314, "isBuyerMaker": true, "isBestMatch": true}, {"id": 41659448, "price": "1.20580000", "qty": "231.00000000", "quoteQty": "278.53980000", "time": 1633512109049, "isBuyerMaker": true, "isBestMatch": true}, {"id": 41659449, "price": "1.20670000", "qty": "23.00000000", "quoteQty": "27.75410000", "time": 1633512113399, "isBuyerMaker": true, "isBestMatch": true}, {"id": 41659450, "price": "1.20730000", "qty": "856.00000000", "quoteQty": "1033.44880000", "time": 1633512113459, "isBuyerMaker": false, "isBestMatch": true}, {"id": 41659451, "price": "1.20760000", "qty": "43.00000000", "quoteQty": "51.92680000", "time": 1633512113471, "isBuyerMaker": false, "isBestMatch": true}, {"id": 41659452, "price": "1.20870000", "qty": "856.00000000", "quoteQty": "1034.64720000", "time": 1633512122371, "isBuyerMaker": true, "isBestMatch": true}, {"id": 41659453, "price": "1.20840000", "qty": "210.00000000", "quoteQty": "253.76400000", "time": 1633512122606, "isBuyerMaker": true, "isBestMatch": true}, {"id": 41659454, "price": "1.20840000", "qty": "200.00000000", "quoteQty": "241.68000000", "time": 1633512122609, "isBuyerMaker": true, "isBestMatch": true}, {"id": 41659455, "price": "1.20830000", "qty": "79.00000000", "quoteQty": "95.45570000", "time": 1633512122619, "isBuyerMaker": true, "isBestMatch": true}, {"id": 41659456, "price": "1.20840000", "qty": "397.00000000", "quoteQty": "479.73480000", "time": 1633512122628, "isBuyerMaker": true, "isBestMatch": true}, {"id": 41659457, "price": "1.20820000", "qty": "410.00000000", "quoteQty": "495.36200000", "time": 1633512122640, "isBuyerMaker": true, "isBestMatch": true}, {"id": 41659458, "price": "1.20820000", "qty": "410.00000000", "quoteQty": "495.36200000", "time": 1633512122681, "isBuyerMaker": true, "isBestMatch": true}, {"id": 41659459, "price": "1.20800000", "qty": "43.00000000", "quoteQty": "51.94400000", "time": 1633512122860, "isBuyerMaker": true, "isBestMatch": true}, {"id": 41659460, "price": "1.20660000", "qty": "410.00000000", "quoteQty": "494.70600000", "time": 1633512125490, "isBuyerMaker": true, "isBestMatch": true}, {"id": 41659461, "price": "1.20660000", "qty": "50.00000000", "quoteQty": "60.33000000", "time": 1633512125490, "isBuyerMaker": true, "isBestMatch": true}, {"id": 41659462, "price": "1.20740000", "qty": "18.00000000", "quoteQty": "21.73320000", "time": 1633512126195, "isBuyerMaker": false, "isBestMatch": true}, {"id": 41659463, "price": "1.20600000", "qty": "42.00000000", "quoteQty": "50.65200000", "time": 1633512126614, "isBuyerMaker": true, "isBestMatch": true}, {"id": 41659464, "price": "1.20730000", "qty": "673.00000000", "quoteQty": "812.51290000", "time": 1633512130089, "isBuyerMaker": false, "isBestMatch": true}, {"id": 41659465, "price": "1.20600000", "qty": "43.00000000", "quoteQty": "51.85800000", "time": 1633512131899, "isBuyerMaker": false, "isBestMatch": true}, {"id": 41659466, "price": "1.20610000", "qty": "598.00000000", "quoteQty": "721.24780000", "time": 1633512134164, "isBuyerMaker": true, "isBestMatch": true}, {"id": 41659467, "price": "1.20600000", "qty": "471.00000000", "quoteQty": "568.02600000", "time": 1633512134164, "isBuyerMaker": true, "isBestMatch": true}, {"id": 41659468, "price": "1.20600000", "qty": "1221.00000000", "quoteQty": "1472.52600000", "time": 1633512134164, "isBuyerMaker": true, "isBestMatch": true}, {"id": 41659469, "price": "1.20590000", "qty": "315.00000000", "quoteQty": "379.85850000", "time": 1633512134164, "isBuyerMaker": true, "isBestMatch": true}, {"id": 41659470, "price": "1.20590000", "qty": "167.00000000", "quoteQty": "201.38530000", "time": 1633512134164, "isBuyerMaker": true, "isBestMatch": true}, {"id": 41659471, "price": "1.20590000", "qty": "777.00000000", "quoteQty": "936.98430000", "time": 1633512134170, "isBuyerMaker": false, "isBestMatch": true}, {"id": 41659472, "price": "1.20600000", "qty": "138.00000000", "quoteQty": "166.42800000", "time": 1633512135505, "isBuyerMaker": false, "isBestMatch": true}, {"id": 41659473, "price": "1.20680000", "qty": "172.00000000", "quoteQty": "207.56960000", "time": 1633512135642, "isBuyerMaker": false, "isBestMatch": true}, {"id": 41659474, "price": "1.20600000", "qty": "172.00000000", "quoteQty": "207.43200000", "time": 1633512135912, "isBuyerMaker": true, "isBestMatch": true}, {"id": 41659475, "price": "1.20580000", "qty": "151.00000000", "quoteQty": "182.07580000", "time": 1633512135928, "isBuyerMaker": true, "isBestMatch": true}, {"id": 41659476, "price": "1.20530000", "qty": "274.00000000", "quoteQty": "330.25220000", "time": 1633512135928, "isBuyerMaker": true, "isBestMatch": true}, {"id": 41659477, "price": "1.20590000", "qty": "20.00000000", "quoteQty": "24.11800000", "time": 1633512136446, "isBuyerMaker": false, "isBestMatch": true}, {"id": 41659478, "price": "1.20590000", "qty": "312.00000000", "quoteQty": "376.24080000", "time": 1633512136764, "isBuyerMaker": false, "isBestMatch": true}, {"id": 41659479, "price": "1.20590000", "qty": "218.00000000", "quoteQty": "262.88620000", "time": 1633512136782, "isBuyerMaker": false, "isBestMatch": true}, {"id": 41659480, "price": "1.20560000", "qty": "27.00000000", "quoteQty": "32.55120000", "time": 1633512137420, "isBuyerMaker": false, "isBestMatch": true}, {"id": 41659481, "price": "1.20560000", "qty": "663.00000000", "quoteQty": "799.31280000", "time": 1633512137658, "isBuyerMaker": false, "isBestMatch": true}, {"id": 41659482, "price": "1.20560000", "qty": "134.00000000", "quoteQty": "161.55040000", "time": 1633512137779, "isBuyerMaker": false, "isBestMatch": true}, {"id": 41659483, "price": "1.20510000", "qty": "47.00000000", "quoteQty": "56.63970000", "time": 1633512138480, "isBuyerMaker": true, "isBestMatch": true}, {"id": 41659484, "price": "1.20560000", "qty": "26.00000000", "quoteQty": "31.34560000", "time": 1633512138681, "isBuyerMaker": false, "isBestMatch": true}, {"id": 41659485, "price": "1.20560000", "qty": "6.00000000", "quoteQty": "7.23360000", "time": 1633512139032, "isBuyerMaker": false, "isBestMatch": true}, {"id": 41659486, "price": "1.20610000", "qty": "95.00000000", "quoteQty": "114.57950000", "time": 1633512139032, "isBuyerMaker": false, "isBestMatch": true}, {"id": 41659487, "price": "1.20560000", "qty": "250.00000000", "quoteQty": "301.40000000", "time": 1633512139879, "isBuyerMaker": true, "isBestMatch": true}, {"id": 41659488, "price": "1.20480000", "qty": "166.00000000", "quoteQty": "199.99680000", "time": 1633512145041, "isBuyerMaker": true, "isBestMatch": true}, {"id": 41659489, "price": "1.20590000", "qty": "70.00000000", "quoteQty": "84.41300000", "time": 1633512146018, "isBuyerMaker": false, "isBestMatch": true}, {"id": 41659490, "price": "1.20600000", "qty": "200.00000000", "quoteQty": "241.20000000", "time": 1633512149721, "isBuyerMaker": false, "isBestMatch": true}, {"id": 41659491, "price": "1.20600000", "qty": "450.00000000", "quoteQty": "542.70000000", "time": 1633512149721, "isBuyerMaker": false, "isBestMatch": true}, {"id": 41659492, "price": "1.20650000", "qty": "43.00000000", "quoteQty": "51.87950000", "time": 1633512149800, "isBuyerMaker": false, "isBestMatch": true}, {"id": 41659493, "price": "1.20660000", "qty": "191.00000000", "quoteQty": "230.46060000", "time": 1633512149800, "isBuyerMaker": false, "isBestMatch": true}, {"id": 41659494, "price": "1.20660000", "qty": "28.00000000", "quoteQty": "33.78480000", "time": 1633512149824, "isBuyerMaker": false, "isBestMatch": true}, {"id": 41659495, "price": "1.20660000", "qty": "191.00000000", "quoteQty": "230.46060000", "time": 1633512149852, "isBuyerMaker": false, "isBestMatch": true}, {"id": 41659496, "price": "1.20720000", "qty": "410.00000000", "quoteQty": "494.95200000", "time": 1633512149974, "isBuyerMaker": false, "isBestMatch": true}, {"id": 41659497, "price": "1.20720000", "qty": "410.00000000", "quoteQty": "494.95200000", "time": 1633512149985, "isBuyerMaker": false, "isBestMatch": true}, {"id": 41659498, "price": "1.20730000", "qty": "95.00000000", "quoteQty": "114.69350000", "time": 1633512150012, "isBuyerMaker": false, "isBestMatch": true}, {"id": 41659499, "price": "1.20740000", "qty": "600.00000000", "quoteQty": "724.44000000", "time": 1633512150021, "isBuyerMaker": false, "isBestMatch": true}, {"id": 41659500, "price": "1.20830000", "qty": "410.00000000", "quoteQty": "495.40300000", "time": 1633512151360, "isBuyerMaker": false, "isBestMatch": true}, {"id": 41659501, "price": "1.20730000", "qty": "39.00000000", "quoteQty": "47.08470000", "time": 1633512151663, "isBuyerMaker": true, "isBestMatch": true}, {"id": 41659502, "price": "1.20760000", "qty": "16.00000000", "quoteQty": "19.32160000", "time": 1633512152565, "isBuyerMaker": true, "isBestMatch": true}, {"id": 41659503, "price": "1.20770000", "qty": "43.00000000", "quoteQty": "51.93110000", "time": 1633512153303, "isBuyerMaker": true, "isBestMatch": true}, {"id": 41659504, "price": "1.20850000", "qty": "116.00000000", "quoteQty": "140.18600000", "time": 1633512156086, "isBuyerMaker": false, "isBestMatch": true}, {"id": 41659505, "price": "1.20850000", "qty": "294.00000000", "quoteQty": "355.29900000", "time": 1633512156527, "isBuyerMaker": false, "isBestMatch": true}, {"id": 41659506, "price": "1.20910000", "qty": "410.00000000", "quoteQty": "495.73100000", "time": 1633512157034, "isBuyerMaker": false, "isBestMatch": true}, {"id": 41659507, "price": "1.20820000", "qty": "410.00000000", "quoteQty": "495.36200000", "time": 1633512157834, "isBuyerMaker": true, "isBestMatch": true}, {"id": 41659508, "price": "1.20820000", "qty": "603.00000000", "quoteQty": "728.54460000", "time": 1633512157834, "isBuyerMaker": true, "isBestMatch": true}, {"id": 41659509, "price": "1.20870000", "qty": "24.00000000", "quoteQty": "29.00880000", "time": 1633512163679, "isBuyerMaker": true, "isBestMatch": true}, {"id": 41659510, "price": "1.20880000", "qty": "856.00000000", "quoteQty": "1034.73280000", "time": 1633512165287, "isBuyerMaker": true, "isBestMatch": true}, {"id": 41659511, "price": "1.20870000", "qty": "618.00000000", "quoteQty": "746.97660000", "time": 1633512165287, "isBuyerMaker": true, "isBestMatch": true}, {"id": 41659512, "price": "1.20840000", "qty": "501.00000000", "quoteQty": "605.40840000", "time": 1633512165287, "isBuyerMaker": true, "isBestMatch": true}, {"id": 41659513, "price": "1.20830000", "qty": "25.00000000", "quoteQty": "30.20750000", "time": 1633512165287, "isBuyerMaker": true, "isBestMatch": true}, {"id": 41659514, "price": "1.20940000", "qty": "205.00000000", "quoteQty": "247.92700000", "time": 1633512166018, "isBuyerMaker": false, "isBestMatch": true}, {"id": 41659515, "price": "1.20940000", "qty": "246.00000000", "quoteQty": "297.51240000", "time": 1633512166021, "isBuyerMaker": false, "isBestMatch": true}, {"id": 41659516, "price": "1.20900000", "qty": "301.00000000", "quoteQty": "363.90900000", "time": 1633512167053, "isBuyerMaker": true, "isBestMatch": true}, {"id": 41659517, "price": "1.20900000", "qty": "109.00000000", "quoteQty": "131.78100000", "time": 1633512169029, "isBuyerMaker": true, "isBestMatch": true}, {"id": 41659518, "price": "1.20830000", "qty": "410.00000000", "quoteQty": "495.40300000", "time": 1633512174247, "isBuyerMaker": true, "isBestMatch": true}, {"id": 41659519, "price": "1.20820000", "qty": "35.00000000", "quoteQty": "42.28700000", "time": 1633512174296, "isBuyerMaker": true, "isBestMatch": true}, {"id": 41659520, "price": "1.20810000", "qty": "410.00000000", "quoteQty": "495.32100000", "time": 1633512174334, "isBuyerMaker": true, "isBestMatch": true}, {"id": 41659521, "price": "1.20780000", "qty": "33.00000000", "quoteQty": "39.85740000", "time": 1633512175857, "isBuyerMaker": false, "isBestMatch": true}, {"id": 41659522, "price": "1.20610000", "qty": "52.00000000", "quoteQty": "62.71720000", "time": 1633512176187, "isBuyerMaker": true, "isBestMatch": true}, {"id": 41659523, "price": "1.20590000", "qty": "1614.00000000", "quoteQty": "1946.32260000", "time": 1633512178081, "isBuyerMaker": false, "isBestMatch": true}, {"id": 41659524, "price": "1.20760000", "qty": "410.00000000", "quoteQty": "495.11600000", "time": 1633512178947, "isBuyerMaker": false, "isBestMatch": true}, {"id": 41659525, "price": "1.20770000", "qty": "43.00000000", "quoteQty": "51.93110000", "time": 1633512179045, "isBuyerMaker": false, "isBestMatch": true}, {"id": 41659526, "price": "1.20770000", "qty": "856.00000000", "quoteQty": "1033.79120000", "time": 1633512179045, "isBuyerMaker": false, "isBestMatch": true}, {"id": 41659527, "price": "1.20820000", "qty": "43.00000000", "quoteQty": "51.95260000", "time": 1633512182879, "isBuyerMaker": true, "isBestMatch": true}, {"id": 41659528, "price": "1.20810000", "qty": "82.00000000", "quoteQty": "99.06420000", "time": 1633512182879, "isBuyerMaker": true, "isBestMatch": true}, {"id": 41659529, "price": "1.20960000", "qty": "43.00000000", "quoteQty": "52.01280000", "time": 1633512183144, "isBuyerMaker": false, "isBestMatch": true}, {"id": 41659530, "price": "1.20960000", "qty": "101.00000000", "quoteQty": "122.16960000", "time": 1633512183144, "isBuyerMaker": false, "isBestMatch": true}, {"id": 41659531, "price": "1.21080000", "qty": "100.00000000", "quoteQty": "121.08000000", "time": 1633512184990, "isBuyerMaker": false, "isBestMatch": true}, {"id": 41659532, "price": "1.21080000", "qty": "42.00000000", "quoteQty": "50.85360000", "time": 1633512184990, "isBuyerMaker": false, "isBestMatch": true}, {"id": 41659533, "price": "1.21080000", "qty": "42.00000000", "quoteQty": "50.85360000", "time": 1633512184990, "isBuyerMaker": false, "isBestMatch": true}, {"id": 41659534, "price": "1.21080000", "qty": "42.00000000", "quoteQty": "50.85360000", "time": 1633512184990, "isBuyerMaker": false, "isBestMatch": true}, {"id": 41659535, "price": "1.21080000", "qty": "40.00000000", "quoteQty": "48.43200000", "time": 1633512184990, "isBuyerMaker": false, "isBestMatch": true}, {"id": 41659536, "price": "1.21080000", "qty": "2.00000000", "quoteQty": "2.42160000", "time": 1633512186433, "isBuyerMaker": false, "isBestMatch": true}, {"id": 41659537, "price": "1.21080000", "qty": "1172.00000000", "quoteQty": "1419.05760000", "time": 1633512186433, "isBuyerMaker": false, "isBestMatch": true}, {"id": 41659538, "price": "1.21080000", "qty": "42.00000000", "quoteQty": "50.85360000", "time": 1633512186442, "isBuyerMaker": false, "isBestMatch": true}, {"id": 41659539, "price": "1.21080000", "qty": "40.00000000", "quoteQty": "48.43200000", "time": 1633512186442, "isBuyerMaker": false, "isBestMatch": true}, {"id": 41659540, "price": "1.21080000", "qty": "2.00000000", "quoteQty": "2.42160000", "time": 1633512186443, "isBuyerMaker": false, "isBestMatch": true}, {"id": 41659541, "price": "1.21080000", "qty": "42.00000000", "quoteQty": "50.85360000", "time": 1633512186443, "isBuyerMaker": false, "isBestMatch": true}, {"id": 41659542, "price": "1.21080000", "qty": "38.00000000", "quoteQty": "46.01040000", "time": 1633512186443, "isBuyerMaker": false, "isBestMatch": true}, {"id": 41659543, "price": "1.21080000", "qty": "4.00000000", "quoteQty": "4.84320000", "time": 1633512186445, "isBuyerMaker": false, "isBestMatch": true}, {"id": 41659544, "price": "1.21080000", "qty": "42.00000000", "quoteQty": "50.85360000", "time": 1633512186445, "isBuyerMaker": false, "isBestMatch": true}, {"id": 41659545, "price": "1.21080000", "qty": "35.00000000", "quoteQty": "42.37800000", "time": 1633512186445, "isBuyerMaker": false, "isBestMatch": true}, {"id": 41659546, "price": "1.21090000", "qty": "820.00000000", "quoteQty": "992.93800000", "time": 1633512186463, "isBuyerMaker": false, "isBestMatch": true}, {"id": 41659547, "price": "1.21070000", "qty": "600.00000000", "quoteQty": "726.42000000", "time": 1633512187809, "isBuyerMaker": true, "isBestMatch": true}, {"id": 41659548, "price": "1.21070000", "qty": "200.00000000", "quoteQty": "242.14000000", "time": 1633512187816, "isBuyerMaker": true, "isBestMatch": true}, {"id": 41659549, "price": "1.21070000", "qty": "800.00000000", "quoteQty": "968.56000000", "time": 1633512187816, "isBuyerMaker": true, "isBestMatch": true}, {"id": 41659550, "price": "1.21070000", "qty": "500.00000000", "quoteQty": "605.35000000", "time": 1633512187817, "isBuyerMaker": true, "isBestMatch": true}, {"id": 41659551, "price": "1.21070000", "qty": "200.00000000", "quoteQty": "242.14000000", "time": 1633512187828, "isBuyerMaker": true, "isBestMatch": true}, {"id": 41659552, "price": "1.21020000", "qty": "114.00000000", "quoteQty": "137.96280000", "time": 1633512188011, "isBuyerMaker": true, "isBestMatch": true}, {"id": 41659553, "price": "1.20920000", "qty": "50.00000000", "quoteQty": "60.46000000", "time": 1633512188555, "isBuyerMaker": true, "isBestMatch": true}, {"id": 41659554, "price": "1.21120000", "qty": "82.00000000", "quoteQty": "99.31840000", "time": 1633512193276, "isBuyerMaker": false, "isBestMatch": true}, {"id": 41659555, "price": "1.21010000", "qty": "535.00000000", "quoteQty": "647.40350000", "time": 1633512193902, "isBuyerMaker": true, "isBestMatch": true}, {"id": 41659556, "price": "1.21000000", "qty": "43.00000000", "quoteQty": "52.03000000", "time": 1633512193902, "isBuyerMaker": true, "isBestMatch": true}, {"id": 41659557, "price": "1.20970000", "qty": "147.00000000", "quoteQty": "177.82590000", "time": 1633512193902, "isBuyerMaker": true, "isBestMatch": true}, {"id": 41659558, "price": "1.20960000", "qty": "410.00000000", "quoteQty": "495.93600000", "time": 1633512193902, "isBuyerMaker": true, "isBestMatch": true}, {"id": 41659559, "price": "1.20950000", "qty": "42.00000000", "quoteQty": "50.79900000", "time": 1633512193902, "isBuyerMaker": true, "isBestMatch": true}, {"id": 41659560, "price": "1.20950000", "qty": "366.00000000", "quoteQty": "442.67700000", "time": 1633512193902, "isBuyerMaker": true, "isBestMatch": true}, {"id": 41659561, "price": "1.20950000", "qty": "42.00000000", "quoteQty": "50.79900000", "time": 1633512193902, "isBuyerMaker": true, "isBestMatch": true}, {"id": 41659562, "price": "1.20950000", "qty": "42.00000000", "quoteQty": "50.79900000", "time": 1633512193902, "isBuyerMaker": true, "isBestMatch": true}, {"id": 41659563, "price": "1.20950000", "qty": "42.00000000", "quoteQty": "50.79900000", "time": 1633512193902, "isBuyerMaker": true, "isBestMatch": true}, {"id": 41659564, "price": "1.20950000", "qty": "42.00000000", "quoteQty": "50.79900000", "time": 1633512193902, "isBuyerMaker": true, "isBestMatch": true}, {"id": 41659565, "price": "1.20950000", "qty": "42.00000000", "quoteQty": "50.79900000", "time": 1633512193902, "isBuyerMaker": true, "isBestMatch": true}, {"id": 41659566, "price": "1.20950000", "qty": "42.00000000", "quoteQty": "50.79900000", "time": 1633512193902, "isBuyerMaker": true, "isBestMatch": true}, {"id": 41659567, "price": "1.20950000", "qty": "42.00000000", "quoteQty": "50.79900000", "time": 1633512193902, "isBuyerMaker": true, "isBestMatch": true}, {"id": 41659568, "price": "1.20950000", "qty": "42.00000000", "quoteQty": "50.79900000", "time": 1633512193902, "isBuyerMaker": true, "isBestMatch": true}, {"id": 41659569, "price": "1.20950000", "qty": "35.00000000", "quoteQty": "42.33250000", "time": 1633512193902, "isBuyerMaker": true, "isBestMatch": true}, {"id": 41659570, "price": "1.20940000", "qty": "447.00000000", "quoteQty": "540.60180000", "time": 1633512193902, "isBuyerMaker": true, "isBestMatch": true}, {"id": 41659571, "price": "1.21090000", "qty": "43.00000000", "quoteQty": "52.06870000", "time": 1633512196842, "isBuyerMaker": false, "isBestMatch": true}, {"id": 41659572, "price": "1.21160000", "qty": "57.00000000", "quoteQty": "69.06120000", "time": 1633512197544, "isBuyerMaker": false, "isBestMatch": true}, {"id": 41659573, "price": "1.21230000", "qty": "101.00000000", "quoteQty": "122.44230000", "time": 1633512197544, "isBuyerMaker": false, "isBestMatch": true}, {"id": 41659574, "price": "1.21100000", "qty": "410.00000000", "quoteQty": "496.51000000", "time": 1633512197732, "isBuyerMaker": true, "isBestMatch": true}, {"id": 41659575, "price": "1.21090000", "qty": "2154.00000000", "quoteQty": "2608.27860000", "time": 1633512197732, "isBuyerMaker": true, "isBestMatch": true}, {"id": 41659576, "price": "1.21120000", "qty": "160.00000000", "quoteQty": "193.79200000", "time": 1633512200803, "isBuyerMaker": true, "isBestMatch": true}, {"id": 41659577, "price": "1.21120000", "qty": "430.00000000", "quoteQty": "520.81600000", "time": 1633512200830, "isBuyerMaker": true, "isBestMatch": true}, {"id": 41659578, "price": "1.21200000", "qty": "123.00000000", "quoteQty": "149.07600000", "time": 1633512201020, "isBuyerMaker": false, "isBestMatch": true}, {"id": 41659579, "price": "1.21120000", "qty": "56.00000000", "quoteQty": "67.82720000", "time": 1633512201567, "isBuyerMaker": true, "isBestMatch": true}, {"id": 41659580, "price": "1.21090000", "qty": "10.00000000", "quoteQty": "12.10900000", "time": 1633512203406, "isBuyerMaker": true, "isBestMatch": true}, {"id": 41659581, "price": "1.21110000", "qty": "332.00000000", "quoteQty": "402.08520000", "time": 1633512204519, "isBuyerMaker": true, "isBestMatch": true}, {"id": 41659582, "price": "1.21110000", "qty": "78.00000000", "quoteQty": "94.46580000", "time": 1633512205573, "isBuyerMaker": true, "isBestMatch": true}, {"id": 41659583, "price": "1.21080000", "qty": "123.00000000", "quoteQty": "148.92840000", "time": 1633512205573, "isBuyerMaker": true, "isBestMatch": true}, {"id": 41659584, "price": "1.21090000", "qty": "43.00000000", "quoteQty": "52.06870000", "time": 1633512210419, "isBuyerMaker": true, "isBestMatch": true}, {"id": 41659585, "price": "1.21090000", "qty": "100.00000000", "quoteQty": "121.09000000", "time": 1633512213240, "isBuyerMaker": true, "isBestMatch": true}, {"id": 41659586, "price": "1.21090000", "qty": "257.00000000", "quoteQty": "311.20130000", "time": 1633512213240, "isBuyerMaker": true, "isBestMatch": true}, {"id": 41659587, "price": "1.21090000", "qty": "100.00000000", "quoteQty": "121.09000000", "time": 1633512213588, "isBuyerMaker": true, "isBestMatch": true}, {"id": 41659588, "price": "1.21090000", "qty": "100.00000000", "quoteQty": "121.09000000", "time": 1633512213596, "isBuyerMaker": true, "isBestMatch": true}, {"id": 41659589, "price": "1.21090000", "qty": "160.00000000", "quoteQty": "193.74400000", "time": 1633512213603, "isBuyerMaker": true, "isBestMatch": true}, {"id": 41659590, "price": "1.21010000", "qty": "37.00000000", "quoteQty": "44.77370000", "time": 1633512215377, "isBuyerMaker": true, "isBestMatch": true}, {"id": 41659591, "price": "1.21010000", "qty": "489.00000000", "quoteQty": "591.73890000", "time": 1633512217929, "isBuyerMaker": true, "isBestMatch": true}, {"id": 41659592, "price": "1.20980000", "qty": "9.00000000", "quoteQty": "10.88820000", "time": 1633512219183, "isBuyerMaker": false, "isBestMatch": true}, {"id": 41659593, "price": "1.20850000", "qty": "212.00000000", "quoteQty": "256.20200000", "time": 1633512222498, "isBuyerMaker": true, "isBestMatch": true}, {"id": 41659594, "price": "1.20830000", "qty": "47.00000000", "quoteQty": "56.79010000", "time": 1633512227873, "isBuyerMaker": true, "isBestMatch": true}, {"id": 41659595, "price": "1.20830000", "qty": "17.00000000", "quoteQty": "20.54110000", "time": 1633512229690, "isBuyerMaker": true, "isBestMatch": true}, {"id": 41659596, "price": "1.20930000", "qty": "143.00000000", "quoteQty": "172.92990000", "time": 1633512230038, "isBuyerMaker": false, "isBestMatch": true}, {"id": 41659597, "price": "1.20960000", "qty": "32.00000000", "quoteQty": "38.70720000", "time": 1633512234687, "isBuyerMaker": false, "isBestMatch": true}, {"id": 41659598, "price": "1.21010000", "qty": "410.00000000", "quoteQty": "496.14100000", "time": 1633512236526, "isBuyerMaker": false, "isBestMatch": true}, {"id": 41659599, "price": "1.21000000", "qty": "251.00000000", "quoteQty": "303.71000000", "time": 1633512238573, "isBuyerMaker": false, "isBestMatch": true}, {"id": 41659600, "price": "1.21000000", "qty": "1394.00000000", "quoteQty": "1686.74000000", "time": 1633512238580, "isBuyerMaker": false, "isBestMatch": true}, {"id": 41659601, "price": "1.21010000", "qty": "180.00000000", "quoteQty": "217.81800000", "time": 1633512240239, "isBuyerMaker": false, "isBestMatch": true}, {"id": 41659602, "price": "1.20870000", "qty": "38.00000000", "quoteQty": "45.93060000", "time": 1633512240487, "isBuyerMaker": true, "isBestMatch": true}, {"id": 41659603, "price": "1.20990000", "qty": "201.00000000", "quoteQty": "243.18990000", "time": 1633512240630, "isBuyerMaker": false, "isBestMatch": true}, {"id": 41659604, "price": "1.21010000", "qty": "17.00000000", "quoteQty": "20.57170000", "time": 1633512240976, "isBuyerMaker": false, "isBestMatch": true}, {"id": 41659605, "price": "1.21010000", "qty": "72.00000000", "quoteQty": "87.12720000", "time": 1633512240979, "isBuyerMaker": false, "isBestMatch": true}, {"id": 41659606, "price": "1.20900000", "qty": "428.00000000", "quoteQty": "517.45200000", "time": 1633512243392, "isBuyerMaker": true, "isBestMatch": true}, {"id": 41659607, "price": "1.20890000", "qty": "95.00000000", "quoteQty": "114.84550000", "time": 1633512243392, "isBuyerMaker": true, "isBestMatch": true}, {"id": 41659608, "price": "1.21020000", "qty": "43.00000000", "quoteQty": "52.03860000", "time": 1633512248252, "isBuyerMaker": false, "isBestMatch": true}, {"id": 41659609, "price": "1.21020000", "qty": "7.00000000", "quoteQty": "8.47140000", "time": 1633512248252, "isBuyerMaker": false, "isBestMatch": true}, {"id": 41659610, "price": "1.20900000", "qty": "43.00000000", "quoteQty": "51.98700000", "time": 1633512251554, "isBuyerMaker": true, "isBestMatch": true}, {"id": 41659611, "price": "1.20890000", "qty": "410.00000000", "quoteQty": "495.64900000", "time": 1633512251554, "isBuyerMaker": true, "isBestMatch": true}, {"id": 41659612, "price": "1.20890000", "qty": "428.00000000", "quoteQty": "517.40920000", "time": 1633512251554, "isBuyerMaker": true, "isBestMatch": true}, {"id": 41659613, "price": "1.20860000", "qty": "148.00000000", "quoteQty": "178.87280000", "time": 1633512251554, "isBuyerMaker": true, "isBestMatch": true}, {"id": 41659614, "price": "1.20860000", "qty": "132.00000000", "quoteQty": "159.53520000", "time": 1633512251554, "isBuyerMaker": true, "isBestMatch": true}, {"id": 41659615, "price": "1.20850000", "qty": "167.00000000", "quoteQty": "201.81950000", "time": 1633512251554, "isBuyerMaker": true, "isBestMatch": true}, {"id": 41659616, "price": "1.20840000", "qty": "1152.00000000", "quoteQty": "1392.07680000", "time": 1633512251562, "isBuyerMaker": false, "isBestMatch": true}, {"id": 41659617, "price": "1.20870000", "qty": "31.00000000", "quoteQty": "37.46970000", "time": 1633512252481, "isBuyerMaker": true, "isBestMatch": true}, {"id": 41659618, "price": "1.20860000", "qty": "70.00000000", "quoteQty": "84.60200000", "time": 1633512258567, "isBuyerMaker": true, "isBestMatch": true}, {"id": 41659619, "price": "1.20910000", "qty": "328.00000000", "quoteQty": "396.58480000", "time": 1633512261021, "isBuyerMaker": false, "isBestMatch": true}, {"id": 41659620, "price": "1.20950000", "qty": "194.00000000", "quoteQty": "234.64300000", "time": 1633512261188, "isBuyerMaker": false, "isBestMatch": true}, {"id": 41659621, "price": "1.20950000", "qty": "173.00000000", "quoteQty": "209.24350000", "time": 1633512261434, "isBuyerMaker": false, "isBestMatch": true}, {"id": 41659622, "price": "1.20970000", "qty": "1172.00000000", "quoteQty": "1417.76840000", "time": 1633512262703, "isBuyerMaker": false, "isBestMatch": true}, {"id": 41659623, "price": "1.20990000", "qty": "410.00000000", "quoteQty": "496.05900000", "time": 1633512262909, "isBuyerMaker": false, "isBestMatch": true}, {"id": 41659624, "price": "1.20990000", "qty": "410.00000000", "quoteQty": "496.05900000", "time": 1633512262921, "isBuyerMaker": false, "isBestMatch": true}, {"id": 41659625, "price": "1.21000000", "qty": "1085.00000000", "quoteQty": "1312.85000000", "time": 1633512262921, "isBuyerMaker": false, "isBestMatch": true}, {"id": 41659626, "price": "1.21000000", "qty": "410.00000000", "quoteQty": "496.10000000", "time": 1633512262938, "isBuyerMaker": false, "isBestMatch": true}, {"id": 41659627, "price": "1.21050000", "qty": "410.00000000", "quoteQty": "496.30500000", "time": 1633512263204, "isBuyerMaker": false, "isBestMatch": true}, {"id": 41659628, "price": "1.20960000", "qty": "26.00000000", "quoteQty": "31.44960000", "time": 1633512264806, "isBuyerMaker": true, "isBestMatch": true}, {"id": 41659629, "price": "1.20900000", "qty": "25.00000000", "quoteQty": "30.22500000", "time": 1633512270991, "isBuyerMaker": true, "isBestMatch": true}, {"id": 41659630, "price": "1.21020000", "qty": "43.00000000", "quoteQty": "52.03860000", "time": 1633512272901, "isBuyerMaker": false, "isBestMatch": true}, {"id": 41659631, "price": "1.21030000", "qty": "166.00000000", "quoteQty": "200.90980000", "time": 1633512272901, "isBuyerMaker": false, "isBestMatch": true}, {"id": 41659632, "price": "1.21040000", "qty": "2290.00000000", "quoteQty": "2771.81600000", "time": 1633512272901, "isBuyerMaker": false, "isBestMatch": true}, {"id": 41659633, "price": "1.21060000", "qty": "1004.00000000", "quoteQty": "1215.44240000", "time": 1633512272901, "isBuyerMaker": false, "isBestMatch": true}, {"id": 41659634, "price": "1.20940000", "qty": "30.00000000", "quoteQty": "36.28200000", "time": 1633512276599, "isBuyerMaker": true, "isBestMatch": true}, {"id": 41659635, "price": "1.20940000", "qty": "122.00000000", "quoteQty": "147.54680000", "time": 1633512283430, "isBuyerMaker": true, "isBestMatch": true}, {"id": 41659636, "price": "1.20910000", "qty": "410.00000000", "quoteQty": "495.73100000", "time": 1633512286587, "isBuyerMaker": true, "isBestMatch": true}, {"id": 41659637, "price": "1.20900000", "qty": "416.00000000", "quoteQty": "502.94400000", "time": 1633512286587, "isBuyerMaker": true, "isBestMatch": true}, {"id": 41659638, "price": "1.20890000", "qty": "1172.00000000", "quoteQty": "1416.83080000", "time": 1633512286587, "isBuyerMaker": true, "isBestMatch": true}, {"id": 41659639, "price": "1.20880000", "qty": "1166.00000000", "quoteQty": "1409.46080000", "time": 1633512286587, "isBuyerMaker": true, "isBestMatch": true}, {"id": 41659640, "price": "1.20880000", "qty": "428.00000000", "quoteQty": "517.36640000", "time": 1633512286587, "isBuyerMaker": true, "isBestMatch": true}, {"id": 41659641, "price": "1.20870000", "qty": "408.00000000", "quoteQty": "493.14960000", "time": 1633512286587, "isBuyerMaker": true, "isBestMatch": true}, {"id": 41659642, "price": "1.20870000", "qty": "56.00000000", "quoteQty": "67.68720000", "time": 1633512290134, "isBuyerMaker": true, "isBestMatch": true}, {"id": 41659643, "price": "1.20930000", "qty": "8.00000000", "quoteQty": "9.67440000", "time": 1633512297094, "isBuyerMaker": false, "isBestMatch": true}, {"id": 41659644, "price": "1.20860000", "qty": "1004.00000000", "quoteQty": "1213.43440000", "time": 1633512297236, "isBuyerMaker": true, "isBestMatch": true}, {"id": 41659645, "price": "1.20840000", "qty": "41.00000000", "quoteQty": "49.54440000", "time": 1633512297236, "isBuyerMaker": true, "isBestMatch": true}, {"id": 41659646, "price": "1.20830000", "qty": "152.00000000", "quoteQty": "183.66160000", "time": 1633512297236, "isBuyerMaker": true, "isBestMatch": true}, {"id": 41659647, "price": "1.20770000", "qty": "393.00000000", "quoteQty": "474.62610000", "time": 1633512297236, "isBuyerMaker": true, "isBestMatch": true}, {"id": 41659648, "price": "1.20760000", "qty": "350.00000000", "quoteQty": "422.66000000", "time": 1633512297236, "isBuyerMaker": true, "isBestMatch": true}, {"id": 41659649, "price": "1.20760000", "qty": "728.00000000", "quoteQty": "879.13280000", "time": 1633512297236, "isBuyerMaker": true, "isBestMatch": true}, {"id": 41659650, "price": "1.20750000", "qty": "1674.00000000", "quoteQty": "2021.35500000", "time": 1633512297236, "isBuyerMaker": true, "isBestMatch": true}, {"id": 41659651, "price": "1.20740000", "qty": "1080.00000000", "quoteQty": "1303.99200000", "time": 1633512297236, "isBuyerMaker": true, "isBestMatch": true}, {"id": 41659652, "price": "1.20740000", "qty": "1741.00000000", "quoteQty": "2102.08340000", "time": 1633512297236, "isBuyerMaker": true, "isBestMatch": true}, {"id": 41659653, "price": "1.20800000", "qty": "20.00000000", "quoteQty": "24.16000000", "time": 1633512302113, "isBuyerMaker": false, "isBestMatch": true}, {"id": 41659654, "price": "1.20690000", "qty": "33.00000000", "quoteQty": "39.82770000", "time": 1633512302608, "isBuyerMaker": true, "isBestMatch": true}, {"id": 41659655, "price": "1.20730000", "qty": "856.00000000", "quoteQty": "1033.44880000", "time": 1633512309417, "isBuyerMaker": false, "isBestMatch": true}, {"id": 41659656, "price": "1.20740000", "qty": "35.00000000", "quoteQty": "42.25900000", "time": 1633512309450, "isBuyerMaker": false, "isBestMatch": true}, {"id": 41659657, "price": "1.20770000", "qty": "410.00000000", "quoteQty": "495.15700000", "time": 1633512309478, "isBuyerMaker": false, "isBestMatch": true}, {"id": 41659658, "price": "1.20790000", "qty": "410.00000000", "quoteQty": "495.23900000", "time": 1633512309725, "isBuyerMaker": false, "isBestMatch": true}, {"id": 41659659, "price": "1.20940000", "qty": "50.00000000", "quoteQty": "60.47000000", "time": 1633512312848, "isBuyerMaker": false, "isBestMatch": true}, {"id": 41659660, "price": "1.20930000", "qty": "28.00000000", "quoteQty": "33.86040000", "time": 1633512315179, "isBuyerMaker": true, "isBestMatch": true}, {"id": 41659661, "price": "1.20910000", "qty": "55.00000000", "quoteQty": "66.50050000", "time": 1633512322596, "isBuyerMaker": true, "isBestMatch": true}, {"id": 41659662, "price": "1.20910000", "qty": "90.00000000", "quoteQty": "108.81900000", "time": 1633512322957, "isBuyerMaker": true, "isBestMatch": true}, {"id": 41659663, "price": "1.20860000", "qty": "33.00000000", "quoteQty": "39.88380000", "time": 1633512327000, "isBuyerMaker": true, "isBestMatch": true}, {"id": 41659664, "price": "1.20960000", "qty": "2541.00000000", "quoteQty": "3073.59360000", "time": 1633512330848, "isBuyerMaker": false, "isBestMatch": true}, {"id": 41659665, "price": "1.20960000", "qty": "215.00000000", "quoteQty": "260.06400000", "time": 1633512330849, "isBuyerMaker": false, "isBestMatch": true}, {"id": 41659666, "price": "1.20980000", "qty": "513.00000000", "quoteQty": "620.62740000", "time": 1633512330870, "isBuyerMaker": false, "isBestMatch": true}, {"id": 41659667, "price": "1.20980000", "qty": "329.00000000", "quoteQty": "398.02420000", "time": 1633512330878, "isBuyerMaker": false, "isBestMatch": true}, {"id": 41659668, "price": "1.20980000", "qty": "330.00000000", "quoteQty": "399.23400000", "time": 1633512330881, "isBuyerMaker": false, "isBestMatch": true}, {"id": 41659669, "price": "1.20990000", "qty": "166.00000000", "quoteQty": "200.84340000", "time": 1633512330943, "isBuyerMaker": false, "isBestMatch": true}, {"id": 41659670, "price": "1.21000000", "qty": "28.00000000", "quoteQty": "33.88000000", "time": 1633512336045, "isBuyerMaker": false, "isBestMatch": true}, {"id": 41659671, "price": "1.21000000", "qty": "197.00000000", "quoteQty": "238.37000000", "time": 1633512336045, "isBuyerMaker": false, "isBestMatch": true}, {"id": 41659672, "price": "1.21000000", "qty": "1553.00000000", "quoteQty": "1879.13000000", "time": 1633512336052, "isBuyerMaker": false, "isBestMatch": true}, {"id": 41659673, "price": "1.21010000", "qty": "9.00000000", "quoteQty": "10.89090000", "time": 1633512336065, "isBuyerMaker": false, "isBestMatch": true}, {"id": 41659674, "price": "1.20990000", "qty": "31.00000000", "quoteQty": "37.50690000", "time": 1633512340002, "isBuyerMaker": true, "isBestMatch": true}, {"id": 41659675, "price": "1.21090000", "qty": "11.00000000", "quoteQty": "13.31990000", "time": 1633512340217, "isBuyerMaker": false, "isBestMatch": true}, {"id": 41659676, "price": "1.20990000", "qty": "13.00000000", "quoteQty": "15.72870000", "time": 1633512340762, "isBuyerMaker": false, "isBestMatch": true}, {"id": 41659677, "price": "1.20850000", "qty": "410.00000000", "quoteQty": "495.48500000", "time": 1633512346949, "isBuyerMaker": true, "isBestMatch": true}, {"id": 41659678, "price": "1.20960000", "qty": "10.00000000", "quoteQty": "12.09600000", "time": 1633512352106, "isBuyerMaker": false, "isBestMatch": true}, {"id": 41659679, "price": "1.20830000", "qty": "55.00000000", "quoteQty": "66.45650000", "time": 1633512352642, "isBuyerMaker": true, "isBestMatch": true}, {"id": 41659680, "price": "1.20830000", "qty": "83.00000000", "quoteQty": "100.28890000", "time": 1633512359047, "isBuyerMaker": false, "isBestMatch": true}, {"id": 41659681, "price": "1.20740000", "qty": "10.00000000", "quoteQty": "12.07400000", "time": 1633512360787, "isBuyerMaker": true, "isBestMatch": true}, {"id": 41659682, "price": "1.20630000", "qty": "410.00000000", "quoteQty": "494.58300000", "time": 1633512363281, "isBuyerMaker": true, "isBestMatch": true}, {"id": 41659683, "price": "1.20620000", "qty": "34.00000000", "quoteQty": "41.01080000", "time": 1633512363281, "isBuyerMaker": true, "isBestMatch": true}, {"id": 41659684, "price": "1.20620000", "qty": "76.00000000", "quoteQty": "91.67120000", "time": 1633512363281, "isBuyerMaker": true, "isBestMatch": true}, {"id": 41659685, "price": "1.20630000", "qty": "406.00000000", "quoteQty": "489.75780000", "time": 1633512363362, "isBuyerMaker": true, "isBestMatch": true}, {"id": 41659686, "price": "1.20720000", "qty": "129.00000000", "quoteQty": "155.72880000", "time": 1633512363761, "isBuyerMaker": false, "isBestMatch": true}, {"id": 41659687, "price": "1.20610000", "qty": "410.00000000", "quoteQty": "494.50100000", "time": 1633512364660, "isBuyerMaker": true, "isBestMatch": true}, {"id": 41659688, "price": "1.20610000", "qty": "167.00000000", "quoteQty": "201.41870000", "time": 1633512364660, "isBuyerMaker": true, "isBestMatch": true}, {"id": 41659689, "price": "1.20570000", "qty": "408.00000000", "quoteQty": "491.92560000", "time": 1633512364660, "isBuyerMaker": true, "isBestMatch": true}, {"id": 41659690, "price": "1.20560000", "qty": "341.00000000", "quoteQty": "411.10960000", "time": 1633512364660, "isBuyerMaker": true, "isBestMatch": true}, {"id": 41659691, "price": "1.20590000", "qty": "23.00000000", "quoteQty": "27.73570000", "time": 1633512365181, "isBuyerMaker": true, "isBestMatch": true}, {"id": 41659692, "price": "1.20630000", "qty": "38.00000000", "quoteQty": "45.83940000", "time": 1633512371164, "isBuyerMaker": true, "isBestMatch": true}, {"id": 41659693, "price": "1.20740000", "qty": "34.00000000", "quoteQty": "41.05160000", "time": 1633512371438, "isBuyerMaker": false, "isBestMatch": true}, {"id": 41659694, "price": "1.20780000", "qty": "132.00000000", "quoteQty": "159.42960000", "time": 1633512371539, "isBuyerMaker": false, "isBestMatch": true}, {"id": 41659695, "price": "1.20810000", "qty": "410.00000000", "quoteQty": "495.32100000", "time": 1633512371744, "isBuyerMaker": false, "isBestMatch": true}, {"id": 41659696, "price": "1.20830000", "qty": "435.00000000", "quoteQty": "525.61050000", "time": 1633512371744, "isBuyerMaker": false, "isBestMatch": true}, {"id": 41659697, "price": "1.20810000", "qty": "410.00000000", "quoteQty": "495.32100000", "time": 1633512371753, "isBuyerMaker": false, "isBestMatch": true}, {"id": 41659698, "price": "1.20840000", "qty": "410.00000000", "quoteQty": "495.44400000", "time": 1633512371776, "isBuyerMaker": false, "isBestMatch": true}, {"id": 41659699, "price": "1.20850000", "qty": "111.00000000", "quoteQty": "134.14350000", "time": 1633512371782, "isBuyerMaker": false, "isBestMatch": true}, {"id": 41659700, "price": "1.20840000", "qty": "410.00000000", "quoteQty": "495.44400000", "time": 1633512371786, "isBuyerMaker": false, "isBestMatch": true}, {"id": 41659701, "price": "1.20830000", "qty": "9.00000000", "quoteQty": "10.87470000", "time": 1633512377826, "isBuyerMaker": true, "isBestMatch": true}, {"id": 41659702, "price": "1.20800000", "qty": "33.00000000", "quoteQty": "39.86400000", "time": 1633512377826, "isBuyerMaker": true, "isBestMatch": true}, {"id": 41659703, "price": "1.20740000", "qty": "410.00000000", "quoteQty": "495.03400000", "time": 1633512378048, "isBuyerMaker": true, "isBestMatch": true}, {"id": 41659704, "price": "1.20700000", "qty": "378.00000000", "quoteQty": "456.24600000", "time": 1633512378048, "isBuyerMaker": true, "isBestMatch": true}, {"id": 41659705, "price": "1.20690000", "qty": "2435.00000000", "quoteQty": "2938.80150000", "time": 1633512378048, "isBuyerMaker": true, "isBestMatch": true}, {"id": 41659706, "price": "1.20670000", "qty": "34.00000000", "quoteQty": "41.02780000", "time": 1633512378048, "isBuyerMaker": true, "isBestMatch": true}, {"id": 41659707, "price": "1.20670000", "qty": "1428.00000000", "quoteQty": "1723.16760000", "time": 1633512378048, "isBuyerMaker": true, "isBestMatch": true}, {"id": 41659708, "price": "1.20660000", "qty": "1657.00000000", "quoteQty": "1999.33620000", "time": 1633512378048, "isBuyerMaker": true, "isBestMatch": true}, {"id": 41659709, "price": "1.20640000", "qty": "1701.00000000", "quoteQty": "2052.08640000", "time": 1633512378048, "isBuyerMaker": true, "isBestMatch": true}, {"id": 41659710, "price": "1.20630000", "qty": "2165.00000000", "quoteQty": "2611.63950000", "time": 1633512378048, "isBuyerMaker": true, "isBestMatch": true}, {"id": 41659711, "price": "1.20630000", "qty": "3164.00000000", "quoteQty": "3816.73320000", "time": 1633512378048, "isBuyerMaker": true, "isBestMatch": true}, {"id": 41659712, "price": "1.20610000", "qty": "1350.00000000", "quoteQty": "1628.23500000", "time": 1633512378048, "isBuyerMaker": true, "isBestMatch": true}, {"id": 41659713, "price": "1.20600000", "qty": "3201.00000000", "quoteQty": "3860.40600000", "time": 1633512378048, "isBuyerMaker": true, "isBestMatch": true}, {"id": 41659714, "price": "1.20590000", "qty": "294.00000000", "quoteQty": "354.53460000", "time": 1633512378048, "isBuyerMaker": true, "isBestMatch": true}, {"id": 41659715, "price": "1.20580000", "qty": "341.00000000", "quoteQty": "411.17780000", "time": 1633512378048, "isBuyerMaker": true, "isBestMatch": true}, {"id": 41659716, "price": "1.20570000", "qty": "1061.00000000", "quoteQty": "1279.24770000", "time": 1633512378048, "isBuyerMaker": true, "isBestMatch": true}, {"id": 41659717, "price": "1.20750000", "qty": "131.00000000", "quoteQty": "158.18250000", "time": 1633512382736, "isBuyerMaker": false, "isBestMatch": true}, {"id": 41659718, "price": "1.20660000", "qty": "15.00000000", "quoteQty": "18.09900000", "time": 1633512385370, "isBuyerMaker": true, "isBestMatch": true}, {"id": 41659719, "price": "1.20760000", "qty": "16.00000000", "quoteQty": "19.32160000", "time": 1633512388582, "isBuyerMaker": false, "isBestMatch": true}, {"id": 41659720, "price": "1.20660000", "qty": "42.00000000", "quoteQty": "50.67720000", "time": 1633512388941, "isBuyerMaker": true, "isBestMatch": true}, {"id": 41659721, "price": "1.20660000", "qty": "338.00000000", "quoteQty": "407.83080000", "time": 1633512388945, "isBuyerMaker": true, "isBestMatch": true}, {"id": 41659722, "price": "1.20610000", "qty": "44.00000000", "quoteQty": "53.06840000", "time": 1633512389847, "isBuyerMaker": true, "isBestMatch": true}, {"id": 41659723, "price": "1.20760000", "qty": "34.00000000", "quoteQty": "41.05840000", "time": 1633512394304, "isBuyerMaker": false, "isBestMatch": true}, {"id": 41659724, "price": "1.20770000", "qty": "117.00000000", "quoteQty": "141.30090000", "time": 1633512394304, "isBuyerMaker": false, "isBestMatch": true}, {"id": 41659725, "price": "1.20760000", "qty": "241.00000000", "quoteQty": "291.03160000", "time": 1633512394412, "isBuyerMaker": false, "isBestMatch": true}, {"id": 41659726, "price": "1.20760000", "qty": "52.00000000", "quoteQty": "62.79520000", "time": 1633512394414, "isBuyerMaker": false, "isBestMatch": true}, {"id": 41659727, "price": "1.20760000", "qty": "117.00000000", "quoteQty": "141.28920000", "time": 1633512394415, "isBuyerMaker": false, "isBestMatch": true}, {"id": 41659728, "price": "1.20780000", "qty": "114.00000000", "quoteQty": "137.68920000", "time": 1633512394435, "isBuyerMaker": false, "isBestMatch": true}, {"id": 41659729, "price": "1.20810000", "qty": "410.00000000", "quoteQty": "495.32100000", "time": 1633512394459, "isBuyerMaker": false, "isBestMatch": true}, {"id": 41659730, "price": "1.20910000", "qty": "307.00000000", "quoteQty": "371.19370000", "time": 1633512394792, "isBuyerMaker": true, "isBestMatch": true}, {"id": 41659731, "price": "1.21000000", "qty": "21.00000000", "quoteQty": "25.41000000", "time": 1633512395545, "isBuyerMaker": false, "isBestMatch": true}, {"id": 41659732, "price": "1.21000000", "qty": "79.00000000", "quoteQty": "95.59000000", "time": 1633512395545, "isBuyerMaker": false, "isBestMatch": true}, {"id": 41659733, "price": "1.21000000", "qty": "100.00000000", "quoteQty": "121.00000000", "time": 1633512396800, "isBuyerMaker": false, "isBestMatch": true}, {"id": 41659734, "price": "1.20990000", "qty": "10.00000000", "quoteQty": "12.09900000", "time": 1633512405193, "isBuyerMaker": false, "isBestMatch": true}, {"id": 41659735, "price": "1.20860000", "qty": "410.00000000", "quoteQty": "495.52600000", "time": 1633512414929, "isBuyerMaker": true, "isBestMatch": true}, {"id": 41659736, "price": "1.20850000", "qty": "151.00000000", "quoteQty": "182.48350000", "time": 1633512414929, "isBuyerMaker": true, "isBestMatch": true}, {"id": 41659737, "price": "1.20960000", "qty": "16.00000000", "quoteQty": "19.35360000", "time": 1633512426838, "isBuyerMaker": false, "isBestMatch": true}, {"id": 41659738, "price": "1.20960000", "qty": "16.00000000", "quoteQty": "19.35360000", "time": 1633512426891, "isBuyerMaker": false, "isBestMatch": true}, {"id": 41659739, "price": "1.20960000", "qty": "16.00000000", "quoteQty": "19.35360000", "time": 1633512426893, "isBuyerMaker": false, "isBestMatch": true}, {"id": 41659740, "price": "1.20870000", "qty": "410.00000000", "quoteQty": "495.56700000", "time": 1633512428219, "isBuyerMaker": true, "isBestMatch": true}, {"id": 41659741, "price": "1.20840000", "qty": "33.00000000", "quoteQty": "39.87720000", "time": 1633512432329, "isBuyerMaker": false, "isBestMatch": true}, {"id": 41659742, "price": "1.20830000", "qty": "1172.00000000", "quoteQty": "1416.12760000", "time": 1633512438673, "isBuyerMaker": false, "isBestMatch": true}, {"id": 41659743, "price": "1.20850000", "qty": "235.00000000", "quoteQty": "283.99750000", "time": 1633512438673, "isBuyerMaker": false, "isBestMatch": true}, {"id": 41659744, "price": "1.20880000", "qty": "3517.00000000", "quoteQty": "4251.34960000", "time": 1633512438673, "isBuyerMaker": false, "isBestMatch": true}, {"id": 41659745, "price": "1.20890000", "qty": "386.00000000", "quoteQty": "466.63540000", "time": 1633512438673, "isBuyerMaker": false, "isBestMatch": true}, {"id": 41659746, "price": "1.20910000", "qty": "953.00000000", "quoteQty": "1152.27230000", "time": 1633512438673, "isBuyerMaker": false, "isBestMatch": true}, {"id": 41659747, "price": "1.20910000", "qty": "867.00000000", "quoteQty": "1048.28970000", "time": 1633512444765, "isBuyerMaker": false, "isBestMatch": true}, {"id": 41659748, "price": "1.20920000", "qty": "410.00000000", "quoteQty": "495.77200000", "time": 1633512444765, "isBuyerMaker": false, "isBestMatch": true}, {"id": 41659749, "price": "1.20930000", "qty": "206.00000000", "quoteQty": "249.11580000", "time": 1633512444765, "isBuyerMaker": false, "isBestMatch": true}, {"id": 41659750, "price": "1.20930000", "qty": "856.00000000", "quoteQty": "1035.16080000", "time": 1633512444765, "isBuyerMaker": false, "isBestMatch": true}, {"id": 41659751, "price": "1.20930000", "qty": "856.00000000", "quoteQty": "1035.16080000", "time": 1633512444765, "isBuyerMaker": false, "isBestMatch": true}, {"id": 41659752, "price": "1.20940000", "qty": "166.00000000", "quoteQty": "200.76040000", "time": 1633512444765, "isBuyerMaker": false, "isBestMatch": true}, {"id": 41659753, "price": "1.20950000", "qty": "707.00000000", "quoteQty": "855.11650000", "time": 1633512444765, "isBuyerMaker": false, "isBestMatch": true}, {"id": 41659754, "price": "1.20940000", "qty": "83.00000000", "quoteQty": "100.38020000", "time": 1633512445411, "isBuyerMaker": false, "isBestMatch": true}, {"id": 41659755, "price": "1.20910000", "qty": "57.00000000", "quoteQty": "68.91870000", "time": 1633512451655, "isBuyerMaker": false, "isBestMatch": true}, {"id": 41659756, "price": "1.20940000", "qty": "327.00000000", "quoteQty": "395.47380000", "time": 1633512451655, "isBuyerMaker": false, "isBestMatch": true}, {"id": 41659757, "price": "1.20940000", "qty": "67.00000000", "quoteQty": "81.02980000", "time": 1633512451655, "isBuyerMaker": false, "isBestMatch": true}, {"id": 41659758, "price": "1.20960000", "qty": "717.00000000", "quoteQty": "867.28320000", "time": 1633512451655, "isBuyerMaker": false, "isBestMatch": true}, {"id": 41659759, "price": "1.20960000", "qty": "856.00000000", "quoteQty": "1035.41760000", "time": 1633512455261, "isBuyerMaker": true, "isBestMatch": true}, {"id": 41659760, "price": "1.20950000", "qty": "12.00000000", "quoteQty": "14.51400000", "time": 1633512455261, "isBuyerMaker": true, "isBestMatch": true}, {"id": 41659761, "price": "1.21000000", "qty": "119.00000000", "quoteQty": "143.99000000", "time": 1633512458552, "isBuyerMaker": false, "isBestMatch": true}, {"id": 41659762, "price": "1.20960000", "qty": "390.00000000", "quoteQty": "471.74400000", "time": 1633512459808, "isBuyerMaker": true, "isBestMatch": true}, {"id": 41659763, "price": "1.20950000", "qty": "20.00000000", "quoteQty": "24.19000000", "time": 1633512462845, "isBuyerMaker": true, "isBestMatch": true}, {"id": 41659764, "price": "1.20940000", "qty": "100.00000000", "quoteQty": "120.94000000", "time": 1633512462937, "isBuyerMaker": true, "isBestMatch": true}, {"id": 41659765, "price": "1.20940000", "qty": "200.00000000", "quoteQty": "241.88000000", "time": 1633512462937, "isBuyerMaker": true, "isBestMatch": true}, {"id": 41659766, "price": "1.20940000", "qty": "1198.00000000", "quoteQty": "1448.86120000", "time": 1633512462939, "isBuyerMaker": true, "isBestMatch": true}, {"id": 41659767, "price": "1.20940000", "qty": "634.00000000", "quoteQty": "766.75960000", "time": 1633512466415, "isBuyerMaker": true, "isBestMatch": true}, {"id": 41659768, "price": "1.20850000", "qty": "34.00000000", "quoteQty": "41.08900000", "time": 1633512470368, "isBuyerMaker": true, "isBestMatch": true}, {"id": 41659769, "price": "1.20940000", "qty": "9.00000000", "quoteQty": "10.88460000", "time": 1633512473442, "isBuyerMaker": false, "isBestMatch": true}, {"id": 41659770, "price": "1.20930000", "qty": "134.00000000", "quoteQty": "162.04620000", "time": 1633512476161, "isBuyerMaker": false, "isBestMatch": true}, {"id": 41659771, "price": "1.20840000", "qty": "33.00000000", "quoteQty": "39.87720000", "time": 1633512477694, "isBuyerMaker": true, "isBestMatch": true}, {"id": 41659772, "price": "1.20880000", "qty": "2462.00000000", "quoteQty": "2976.06560000", "time": 1633512480874, "isBuyerMaker": false, "isBestMatch": true}, {"id": 41659773, "price": "1.20870000", "qty": "685.00000000", "quoteQty": "827.95950000", "time": 1633512481594, "isBuyerMaker": false, "isBestMatch": true}, {"id": 41659774, "price": "1.20870000", "qty": "137.00000000", "quoteQty": "165.59190000", "time": 1633512482196, "isBuyerMaker": false, "isBestMatch": true}, {"id": 41659775, "price": "1.20860000", "qty": "108.00000000", "quoteQty": "130.52880000", "time": 1633512482693, "isBuyerMaker": false, "isBestMatch": true}, {"id": 41659776, "price": "1.20860000", "qty": "748.00000000", "quoteQty": "904.03280000", "time": 1633512482703, "isBuyerMaker": false, "isBestMatch": true}, {"id": 41659777, "price": "1.20860000", "qty": "622.00000000", "quoteQty": "751.74920000", "time": 1633512482703, "isBuyerMaker": false, "isBestMatch": true}, {"id": 41659778, "price": "1.20870000", "qty": "34.00000000", "quoteQty": "41.09580000", "time": 1633512483123, "isBuyerMaker": false, "isBestMatch": true}, {"id": 41659779, "price": "1.20870000", "qty": "74.00000000", "quoteQty": "89.44380000", "time": 1633512483123, "isBuyerMaker": false, "isBestMatch": true}, {"id": 41659780, "price": "1.20870000", "qty": "504.00000000", "quoteQty": "609.18480000", "time": 1633512483251, "isBuyerMaker": false, "isBestMatch": true}, {"id": 41659781, "price": "1.20870000", "qty": "28.00000000", "quoteQty": "33.84360000", "time": 1633512483687, "isBuyerMaker": false, "isBestMatch": true}, {"id": 41659782, "price": "1.20930000", "qty": "101.00000000", "quoteQty": "122.13930000", "time": 1633512483779, "isBuyerMaker": false, "isBestMatch": true}, {"id": 41659783, "price": "1.20930000", "qty": "65.00000000", "quoteQty": "78.60450000", "time": 1633512484477, "isBuyerMaker": false, "isBestMatch": true}, {"id": 41659784, "price": "1.20930000", "qty": "2098.00000000", "quoteQty": "2537.11140000", "time": 1633512484477, "isBuyerMaker": false, "isBestMatch": true}, {"id": 41659785, "price": "1.20940000", "qty": "34.00000000", "quoteQty": "41.11960000", "time": 1633512484477, "isBuyerMaker": false, "isBestMatch": true}, {"id": 41659786, "price": "1.20960000", "qty": "425.00000000", "quoteQty": "514.08000000", "time": 1633512484477, "isBuyerMaker": false, "isBestMatch": true}, {"id": 41659787, "price": "1.20970000", "qty": "411.00000000", "quoteQty": "497.18670000", "time": 1633512484477, "isBuyerMaker": false, "isBestMatch": true}, {"id": 41659788, "price": "1.20990000", "qty": "475.00000000", "quoteQty": "574.70250000", "time": 1633512484477, "isBuyerMaker": false, "isBestMatch": true}, {"id": 41659789, "price": "1.20990000", "qty": "3562.00000000", "quoteQty": "4309.66380000", "time": 1633512484477, "isBuyerMaker": false, "isBestMatch": true}, {"id": 41659790, "price": "1.21000000", "qty": "1.00000000", "quoteQty": "1.21000000", "time": 1633512484477, "isBuyerMaker": false, "isBestMatch": true}, {"id": 41659791, "price": "1.21000000", "qty": "2305.00000000", "quoteQty": "2789.05000000", "time": 1633512484477, "isBuyerMaker": false, "isBestMatch": true}, {"id": 41659792, "price": "1.21000000", "qty": "374.00000000", "quoteQty": "452.54000000", "time": 1633512484477, "isBuyerMaker": false, "isBestMatch": true}, {"id": 41659793, "price": "1.21000000", "qty": "664.00000000", "quoteQty": "803.44000000", "time": 1633512484477, "isBuyerMaker": false, "isBestMatch": true}, {"id": 41659794, "price": "1.21010000", "qty": "778.00000000", "quoteQty": "941.45780000", "time": 1633512484477, "isBuyerMaker": false, "isBestMatch": true}, {"id": 41659795, "price": "1.21020000", "qty": "30.00000000", "quoteQty": "36.30600000", "time": 1633512484477, "isBuyerMaker": false, "isBestMatch": true}, {"id": 41659796, "price": "1.21020000", "qty": "2002.00000000", "quoteQty": "2422.82040000", "time": 1633512484477, "isBuyerMaker": false, "isBestMatch": true}, {"id": 41659797, "price": "1.21080000", "qty": "166.00000000", "quoteQty": "200.99280000", "time": 1633512484932, "isBuyerMaker": false, "isBestMatch": true}, {"id": 41659798, "price": "1.21090000", "qty": "42.00000000", "quoteQty": "50.85780000", "time": 1633512484932, "isBuyerMaker": false, "isBestMatch": true}, {"id": 41659799, "price": "1.21090000", "qty": "42.00000000", "quoteQty": "50.85780000", "time": 1633512484932, "isBuyerMaker": false, "isBestMatch": true}, {"id": 41659800, "price": "1.21090000", "qty": "42.00000000", "quoteQty": "50.85780000", "time": 1633512484932, "isBuyerMaker": false, "isBestMatch": true}, {"id": 41659801, "price": "1.21090000", "qty": "42.00000000", "quoteQty": "50.85780000", "time": 1633512484932, "isBuyerMaker": false, "isBestMatch": true}, {"id": 41659802, "price": "1.21090000", "qty": "42.00000000", "quoteQty": "50.85780000", "time": 1633512484932, "isBuyerMaker": false, "isBestMatch": true}, {"id": 41659803, "price": "1.21090000", "qty": "42.00000000", "quoteQty": "50.85780000", "time": 1633512484932, "isBuyerMaker": false, "isBestMatch": true}, {"id": 41659804, "price": "1.21090000", "qty": "42.00000000", "quoteQty": "50.85780000", "time": 1633512484932, "isBuyerMaker": false, "isBestMatch": true}, {"id": 41659805, "price": "1.21090000", "qty": "42.00000000", "quoteQty": "50.85780000", "time": 1633512484932, "isBuyerMaker": false, "isBestMatch": true}, {"id": 41659806, "price": "1.21090000", "qty": "42.00000000", "quoteQty": "50.85780000", "time": 1633512484932, "isBuyerMaker": false, "isBestMatch": true}, {"id": 41659807, "price": "1.21090000", "qty": "35.00000000", "quoteQty": "42.38150000", "time": 1633512484932, "isBuyerMaker": false, "isBestMatch": true}, {"id": 41659808, "price": "1.21100000", "qty": "1437.00000000", "quoteQty": "1740.20700000", "time": 1633512484932, "isBuyerMaker": false, "isBestMatch": true}, {"id": 41659809, "price": "1.21230000", "qty": "1167.00000000", "quoteQty": "1414.75410000", "time": 1633512484932, "isBuyerMaker": false, "isBestMatch": true}, {"id": 41659810, "price": "1.21240000", "qty": "1520.00000000", "quoteQty": "1842.84800000", "time": 1633512484932, "isBuyerMaker": false, "isBestMatch": true}, {"id": 41659811, "price": "1.21240000", "qty": "113.00000000", "quoteQty": "137.00120000", "time": 1633512484932, "isBuyerMaker": false, "isBestMatch": true}, {"id": 41659812, "price": "1.21270000", "qty": "11.00000000", "quoteQty": "13.33970000", "time": 1633512484932, "isBuyerMaker": false, "isBestMatch": true}, {"id": 41659813, "price": "1.21300000", "qty": "79.00000000", "quoteQty": "95.82700000", "time": 1633512484932, "isBuyerMaker": false, "isBestMatch": true}]