[{"id": 37020252, "price": "267.10000000", "qty": "0.96600000", "quoteQty": "258.01860000", "time": 1633507931492, "isBuyerMaker": false, "isBestMatch": true}, {"id": 37020253, "price": "267.10000000", "qty": "1.14100000", "quoteQty": "304.76110000", "time": 1633507931494, "isBuyerMaker": false, "isBestMatch": true}, {"id": 37020254, "price": "267.10000000", "qty": "2.21300000", "quoteQty": "591.09230000", "time": 1633507931494, "isBuyerMaker": false, "isBestMatch": true}, {"id": 37020255, "price": "267.10000000", "qty": "0.13800000", "quoteQty": "36.85980000", "time": 1633507931494, "isBuyerMaker": false, "isBestMatch": true}, {"id": 37020256, "price": "267.10000000", "qty": "1.75600000", "quoteQty": "469.02760000", "time": 1633507931494, "isBuyerMaker": false, "isBestMatch": true}, {"id": 37020257, "price": "267.10000000", "qty": "2.08400000", "quoteQty": "556.63640000", "time": 1633507931494, "isBuyerMaker": false, "isBestMatch": true}, {"id": 37020258, "price": "267.20000000", "qty": "2.10700000", "quoteQty": "562.99040000", "time": 1633507931608, "isBuyerMaker": false, "isBestMatch": true}, {"id": 37020259, "price": "267.10000000", "qty": "0.24300000", "quoteQty": "64.90530000", "time": 1633507931614, "isBuyerMaker": true, "isBestMatch": true}, {"id": 37020260, "price": "267.10000000", "qty": "1.86400000", "quoteQty": "497.87440000", "time": 1633507931847, "isBuyerMaker": true, "isBestMatch": true}, {"id": 37020261, "price": "267.10000000", "qty": "3.29600000", "quoteQty": "880.36160000", "time": 1633507931847, "isBuyerMaker": true, "isBestMatch": true}, {"id": 37020262, "price": "267.10000000", "qty": "5.16000000", "quoteQty": "1378.23600000", "time": 1633507931856, "isBuyerMaker": true, "isBestMatch": true}, {"id": 37020263, "price": "267.10000000", "qty": "2.24400000", "quoteQty": "599.37240000", "time": 1633507931895, "isBuyerMaker": true, "isBestMatch": true}, {"id": 37020264, "price": "267.10000000", "qty": "0.13800000", "quoteQty": "36.85980000", "time": 1633507931895, "isBuyerMaker": true, "isBestMatch": true}, {"id": 37020265, "price": "267.10000000", "qty": "2.43100000", "quoteQty": "649.32010000", "time": 1633507931915, "isBuyerMaker": false, "isBestMatch": true}, {"id": 37020266, "price": "267.10000000", "qty": "0.34700000", "quoteQty": "92.68370000", "time": 1633507931929, "isBuyerMaker": false, "isBestMatch": true}, {"id": 37020267, "price": "267.10000000", "qty": "5.16000000", "quoteQty": "1378.23600000", "time": 1633507931929, "isBuyerMaker": false, "isBestMatch": true}, {"id": 37020268, "price": "267.10000000", "qty": "5.16000000", "quoteQty": "1378.23600000", "time": 1633507932113, "isBuyerMaker": true, "isBestMatch": true}, {"id": 37020269, "price": "267.10000000", "qty": "2.32700000", "quoteQty": "621.54170000", "time": 1633507932118, "isBuyerMaker": true, "isBestMatch": true}, {"id": 37020270, "price": "267.10000000", "qty": "2.83300000", "quoteQty": "756.69430000", "time": 1633507932118, "isBuyerMaker": true, "isBestMatch": true}, {"id": 37020271, "price": "267.10000000", "qty": "5.16000000", "quoteQty": "1378.23600000", "time": 1633507932127, "isBuyerMaker": true, "isBestMatch": true}, {"id": 37020272, "price": "267.10000000", "qty": "2.00700000", "quoteQty": "536.06970000", "time": 1633507932203, "isBuyerMaker": true, "isBestMatch": true}, {"id": 37020273, "price": "267.10000000", "qty": "3.15300000", "quoteQty": "842.16630000", "time": 1633507932233, "isBuyerMaker": false, "isBestMatch": true}, {"id": 37020274, "price": "267.00000000", "qty": "0.05700000", "quoteQty": "15.21900000", "time": 1633507932363, "isBuyerMaker": true, "isBestMatch": true}, {"id": 37020275, "price": "267.00000000", "qty": "2.22700000", "quoteQty": "594.60900000", "time": 1633507932363, "isBuyerMaker": true, "isBestMatch": true}, {"id": 37020276, "price": "267.00000000", "qty": "2.62200000", "quoteQty": "700.07400000", "time": 1633507932363, "isBuyerMaker": true, "isBestMatch": true}, {"id": 37020277, "price": "267.00000000", "qty": "0.25400000", "quoteQty": "67.81800000", "time": 1633507932363, "isBuyerMaker": true, "isBestMatch": true}, {"id": 37020278, "price": "267.10000000", "qty": "5.16000000", "quoteQty": "1378.23600000", "time": 1633507932372, "isBuyerMaker": true, "isBestMatch": true}, {"id": 37020279, "price": "267.10000000", "qty": "2.32700000", "quoteQty": "621.54170000", "time": 1633507932399, "isBuyerMaker": true, "isBestMatch": true}, {"id": 37020280, "price": "267.00000000", "qty": "1.49900000", "quoteQty": "400.23300000", "time": 1633507932412, "isBuyerMaker": true, "isBestMatch": true}, {"id": 37020281, "price": "267.00000000", "qty": "3.66100000", "quoteQty": "977.48700000", "time": 1633507932412, "isBuyerMaker": true, "isBestMatch": true}, {"id": 37020282, "price": "267.00000000", "qty": "0.83700000", "quoteQty": "223.47900000", "time": 1633507932463, "isBuyerMaker": true, "isBestMatch": true}, {"id": 37020283, "price": "267.00000000", "qty": "4.32300000", "quoteQty": "1154.24100000", "time": 1633507932530, "isBuyerMaker": false, "isBestMatch": true}, {"id": 37020284, "price": "267.00000000", "qty": "5.16000000", "quoteQty": "1377.72000000", "time": 1633507932530, "isBuyerMaker": false, "isBestMatch": true}, {"id": 37020285, "price": "267.00000000", "qty": "5.16000000", "quoteQty": "1377.72000000", "time": 1633507932538, "isBuyerMaker": false, "isBestMatch": true}, {"id": 37020286, "price": "267.00000000", "qty": "0.13800000", "quoteQty": "36.84600000", "time": 1633507932538, "isBuyerMaker": false, "isBestMatch": true}, {"id": 37020287, "price": "267.10000000", "qty": "2.83300000", "quoteQty": "756.69430000", "time": 1633507932889, "isBuyerMaker": false, "isBestMatch": true}, {"id": 37020288, "price": "267.10000000", "qty": "3.79000000", "quoteQty": "1012.30900000", "time": 1633507933177, "isBuyerMaker": true, "isBestMatch": true}, {"id": 37020289, "price": "267.10000000", "qty": "1.37000000", "quoteQty": "365.92700000", "time": 1633507933229, "isBuyerMaker": false, "isBestMatch": true}, {"id": 37020290, "price": "267.10000000", "qty": "5.16000000", "quoteQty": "1378.23600000", "time": 1633507933229, "isBuyerMaker": false, "isBestMatch": true}, {"id": 37020291, "price": "267.10000000", "qty": "0.05200000", "quoteQty": "13.88920000", "time": 1633507933239, "isBuyerMaker": true, "isBestMatch": true}, {"id": 37020292, "price": "267.10000000", "qty": "5.10800000", "quoteQty": "1364.34680000", "time": 1633507933239, "isBuyerMaker": true, "isBestMatch": true}, {"id": 37020293, "price": "267.10000000", "qty": "1.82300000", "quoteQty": "486.92330000", "time": 1633507933248, "isBuyerMaker": true, "isBestMatch": true}, {"id": 37020294, "price": "267.10000000", "qty": "0.40800000", "quoteQty": "108.97680000", "time": 1633507933248, "isBuyerMaker": true, "isBestMatch": true}, {"id": 37020295, "price": "267.00000000", "qty": "0.13800000", "quoteQty": "36.84600000", "time": 1633507933440, "isBuyerMaker": true, "isBestMatch": true}, {"id": 37020296, "price": "267.00000000", "qty": "1.75300000", "quoteQty": "468.05100000", "time": 1633507933440, "isBuyerMaker": true, "isBestMatch": true}, {"id": 37020297, "price": "267.00000000", "qty": "3.26900000", "quoteQty": "872.82300000", "time": 1633507933440, "isBuyerMaker": true, "isBestMatch": true}, {"id": 37020298, "price": "267.00000000", "qty": "0.26900000", "quoteQty": "71.82300000", "time": 1633507933456, "isBuyerMaker": true, "isBestMatch": true}, {"id": 37020299, "price": "266.90000000", "qty": "2.58500000", "quoteQty": "689.93650000", "time": 1633507933473, "isBuyerMaker": true, "isBestMatch": true}, {"id": 37020300, "price": "266.90000000", "qty": "2.57500000", "quoteQty": "687.26750000", "time": 1633507933473, "isBuyerMaker": true, "isBestMatch": true}, {"id": 37020301, "price": "267.00000000", "qty": "4.89100000", "quoteQty": "1305.89700000", "time": 1633507933481, "isBuyerMaker": false, "isBestMatch": true}, {"id": 37020302, "price": "267.00000000", "qty": "0.26900000", "quoteQty": "71.82300000", "time": 1633507933488, "isBuyerMaker": false, "isBestMatch": true}, {"id": 37020303, "price": "267.00000000", "qty": "4.89100000", "quoteQty": "1305.89700000", "time": 1633507933509, "isBuyerMaker": false, "isBestMatch": true}, {"id": 37020304, "price": "267.00000000", "qty": "5.16000000", "quoteQty": "1377.72000000", "time": 1633507933509, "isBuyerMaker": false, "isBestMatch": true}, {"id": 37020305, "price": "267.00000000", "qty": "3.67300000", "quoteQty": "980.69100000", "time": 1633507933513, "isBuyerMaker": false, "isBestMatch": true}, {"id": 37020306, "price": "266.90000000", "qty": "3.73600000", "quoteQty": "997.13840000", "time": 1633507933533, "isBuyerMaker": true, "isBestMatch": true}, {"id": 37020307, "price": "266.90000000", "qty": "1.42400000", "quoteQty": "380.06560000", "time": 1633507933533, "isBuyerMaker": true, "isBestMatch": true}, {"id": 37020308, "price": "267.00000000", "qty": "1.48700000", "quoteQty": "397.02900000", "time": 1633507933534, "isBuyerMaker": false, "isBestMatch": true}, {"id": 37020309, "price": "267.00000000", "qty": "0.13800000", "quoteQty": "36.84600000", "time": 1633507933534, "isBuyerMaker": false, "isBestMatch": true}, {"id": 37020310, "price": "267.10000000", "qty": "1.77100000", "quoteQty": "473.03410000", "time": 1633507933586, "isBuyerMaker": false, "isBestMatch": true}, {"id": 37020311, "price": "267.10000000", "qty": "3.00000000", "quoteQty": "801.30000000", "time": 1633507933586, "isBuyerMaker": false, "isBestMatch": true}, {"id": 37020312, "price": "267.00000000", "qty": "5.16000000", "quoteQty": "1377.72000000", "time": 1633507934038, "isBuyerMaker": true, "isBestMatch": true}, {"id": 37020313, "price": "267.10000000", "qty": "0.28000000", "quoteQty": "74.78800000", "time": 1633507934200, "isBuyerMaker": false, "isBestMatch": true}, {"id": 37020314, "price": "267.00000000", "qty": "0.05000000", "quoteQty": "13.35000000", "time": 1633507934699, "isBuyerMaker": true, "isBestMatch": true}, {"id": 37020315, "price": "267.00000000", "qty": "0.32000000", "quoteQty": "85.44000000", "time": 1633507934699, "isBuyerMaker": true, "isBestMatch": true}, {"id": 37020316, "price": "267.00000000", "qty": "0.13800000", "quoteQty": "36.84600000", "time": 1633507934699, "isBuyerMaker": true, "isBestMatch": true}, {"id": 37020317, "price": "267.00000000", "qty": "4.77100000", "quoteQty": "1273.85700000", "time": 1633507934731, "isBuyerMaker": false, "isBestMatch": true}, {"id": 37020318, "price": "267.00000000", "qty": "0.52000000", "quoteQty": "138.84000000", "time": 1633507935513, "isBuyerMaker": false, "isBestMatch": true}, {"id": 37020319, "price": "266.90000000", "qty": "0.86800000", "quoteQty": "231.66920000", "time": 1633507937325, "isBuyerMaker": false, "isBestMatch": true}, {"id": 37020320, "price": "266.90000000", "qty": "2.21300000", "quoteQty": "590.64970000", "time": 1633507937377, "isBuyerMaker": false, "isBestMatch": true}, {"id": 37020321, "price": "266.90000000", "qty": "0.98000000", "quoteQty": "261.56200000", "time": 1633507937379, "isBuyerMaker": false, "isBestMatch": true}, {"id": 37020322, "price": "266.90000000", "qty": "4.00000000", "quoteQty": "1067.60000000", "time": 1633507937876, "isBuyerMaker": false, "isBestMatch": true}, {"id": 37020323, "price": "267.00000000", "qty": "1.77100000", "quoteQty": "472.85700000", "time": 1633507938639, "isBuyerMaker": false, "isBestMatch": true}, {"id": 37020324, "price": "267.00000000", "qty": "0.77500000", "quoteQty": "206.92500000", "time": 1633507938639, "isBuyerMaker": false, "isBestMatch": true}, {"id": 37020325, "price": "266.90000000", "qty": "6.50000000", "quoteQty": "1734.85000000", "time": 1633507939060, "isBuyerMaker": false, "isBestMatch": true}, {"id": 37020326, "price": "266.80000000", "qty": "0.03800000", "quoteQty": "10.13840000", "time": 1633507939633, "isBuyerMaker": true, "isBestMatch": true}, {"id": 37020327, "price": "267.00000000", "qty": "1.41700000", "quoteQty": "378.33900000", "time": 1633507940866, "isBuyerMaker": false, "isBestMatch": true}, {"id": 37020328, "price": "267.00000000", "qty": "0.07500000", "quoteQty": "20.02500000", "time": 1633507940866, "isBuyerMaker": false, "isBestMatch": true}, {"id": 37020329, "price": "267.00000000", "qty": "0.04200000", "quoteQty": "11.21400000", "time": 1633507942289, "isBuyerMaker": false, "isBestMatch": true}, {"id": 37020330, "price": "267.00000000", "qty": "0.09600000", "quoteQty": "25.63200000", "time": 1633507946800, "isBuyerMaker": false, "isBestMatch": true}, {"id": 37020331, "price": "267.00000000", "qty": "0.54400000", "quoteQty": "145.24800000", "time": 1633507946800, "isBuyerMaker": false, "isBestMatch": true}, {"id": 37020332, "price": "267.00000000", "qty": "0.36800000", "quoteQty": "98.25600000", "time": 1633507946901, "isBuyerMaker": false, "isBestMatch": true}, {"id": 37020333, "price": "267.00000000", "qty": "0.37900000", "quoteQty": "101.19300000", "time": 1633507946929, "isBuyerMaker": false, "isBestMatch": true}, {"id": 37020334, "price": "267.00000000", "qty": "0.91500000", "quoteQty": "244.30500000", "time": 1633507948170, "isBuyerMaker": false, "isBestMatch": true}, {"id": 37020335, "price": "266.90000000", "qty": "0.04200000", "quoteQty": "11.20980000", "time": 1633507949455, "isBuyerMaker": true, "isBestMatch": true}, {"id": 37020336, "price": "266.90000000", "qty": "4.49800000", "quoteQty": "1200.51620000", "time": 1633507949455, "isBuyerMaker": true, "isBestMatch": true}, {"id": 37020337, "price": "266.90000000", "qty": "4.49800000", "quoteQty": "1200.51620000", "time": 1633507949455, "isBuyerMaker": true, "isBestMatch": true}, {"id": 37020338, "price": "266.90000000", "qty": "0.09600000", "quoteQty": "25.62240000", "time": 1633507949455, "isBuyerMaker": true, "isBestMatch": true}, {"id": 37020339, "price": "266.90000000", "qty": "0.08300000", "quoteQty": "22.15270000", "time": 1633507949804, "isBuyerMaker": false, "isBestMatch": true}, {"id": 37020340, "price": "266.90000000", "qty": "2.19200000", "quoteQty": "585.04480000", "time": 1633507954283, "isBuyerMaker": false, "isBestMatch": true}, {"id": 37020341, "price": "266.90000000", "qty": "0.05300000", "quoteQty": "14.14570000", "time": 1633507954283, "isBuyerMaker": false, "isBestMatch": true}, {"id": 37020342, "price": "266.90000000", "qty": "1.78100000", "quoteQty": "475.34890000", "time": 1633507954287, "isBuyerMaker": false, "isBestMatch": true}, {"id": 37020343, "price": "266.90000000", "qty": "4.66600000", "quoteQty": "1245.35540000", "time": 1633507954289, "isBuyerMaker": false, "isBestMatch": true}, {"id": 37020344, "price": "266.90000000", "qty": "1.48000000", "quoteQty": "395.01200000", "time": 1633507954289, "isBuyerMaker": false, "isBestMatch": true}, {"id": 37020345, "price": "266.90000000", "qty": "0.13800000", "quoteQty": "36.83220000", "time": 1633507954289, "isBuyerMaker": false, "isBestMatch": true}, {"id": 37020346, "price": "266.90000000", "qty": "2.21300000", "quoteQty": "590.64970000", "time": 1633507954289, "isBuyerMaker": false, "isBestMatch": true}, {"id": 37020347, "price": "266.90000000", "qty": "0.27000000", "quoteQty": "72.06300000", "time": 1633507954289, "isBuyerMaker": false, "isBestMatch": true}, {"id": 37020348, "price": "267.00000000", "qty": "0.40200000", "quoteQty": "107.33400000", "time": 1633507954418, "isBuyerMaker": false, "isBestMatch": true}, {"id": 37020349, "price": "267.00000000", "qty": "0.56200000", "quoteQty": "150.05400000", "time": 1633507954418, "isBuyerMaker": false, "isBestMatch": true}, {"id": 37020350, "price": "267.00000000", "qty": "0.12200000", "quoteQty": "32.57400000", "time": 1633507954649, "isBuyerMaker": false, "isBestMatch": true}, {"id": 37020351, "price": "267.00000000", "qty": "4.50000000", "quoteQty": "1201.50000000", "time": 1633507955328, "isBuyerMaker": true, "isBestMatch": true}, {"id": 37020352, "price": "266.90000000", "qty": "4.02600000", "quoteQty": "1074.53940000", "time": 1633507955355, "isBuyerMaker": true, "isBestMatch": true}, {"id": 37020353, "price": "266.90000000", "qty": "0.13800000", "quoteQty": "36.83220000", "time": 1633507955355, "isBuyerMaker": true, "isBestMatch": true}, {"id": 37020354, "price": "266.90000000", "qty": "0.26900000", "quoteQty": "71.79610000", "time": 1633507955355, "isBuyerMaker": true, "isBestMatch": true}, {"id": 37020355, "price": "266.90000000", "qty": "0.29300000", "quoteQty": "78.20170000", "time": 1633507955355, "isBuyerMaker": true, "isBestMatch": true}, {"id": 37020356, "price": "266.90000000", "qty": "0.43400000", "quoteQty": "115.83460000", "time": 1633507955355, "isBuyerMaker": true, "isBestMatch": true}, {"id": 37020357, "price": "266.90000000", "qty": "5.16000000", "quoteQty": "1377.20400000", "time": 1633507955356, "isBuyerMaker": true, "isBestMatch": true}, {"id": 37020358, "price": "266.90000000", "qty": "5.16000000", "quoteQty": "1377.20400000", "time": 1633507955395, "isBuyerMaker": true, "isBestMatch": true}, {"id": 37020359, "price": "266.80000000", "qty": "0.31700000", "quoteQty": "84.57560000", "time": 1633507958455, "isBuyerMaker": true, "isBestMatch": true}, {"id": 37020360, "price": "266.90000000", "qty": "1.22700000", "quoteQty": "327.48630000", "time": 1633507967887, "isBuyerMaker": false, "isBestMatch": true}, {"id": 37020361, "price": "266.90000000", "qty": "0.25300000", "quoteQty": "67.52570000", "time": 1633507967975, "isBuyerMaker": false, "isBestMatch": true}, {"id": 37020362, "price": "266.90000000", "qty": "1.77600000", "quoteQty": "474.01440000", "time": 1633507967975, "isBuyerMaker": false, "isBestMatch": true}, {"id": 37020363, "price": "266.90000000", "qty": "0.43700000", "quoteQty": "116.63530000", "time": 1633507968083, "isBuyerMaker": false, "isBestMatch": true}, {"id": 37020364, "price": "266.90000000", "qty": "0.06300000", "quoteQty": "16.81470000", "time": 1633507968083, "isBuyerMaker": false, "isBestMatch": true}, {"id": 37020365, "price": "266.80000000", "qty": "0.91700000", "quoteQty": "244.65560000", "time": 1633507969096, "isBuyerMaker": true, "isBestMatch": true}, {"id": 37020366, "price": "266.80000000", "qty": "0.58500000", "quoteQty": "156.07800000", "time": 1633507969096, "isBuyerMaker": true, "isBestMatch": true}, {"id": 37020367, "price": "266.80000000", "qty": "13.54800000", "quoteQty": "3614.60640000", "time": 1633507969103, "isBuyerMaker": false, "isBestMatch": true}, {"id": 37020368, "price": "266.90000000", "qty": "0.07500000", "quoteQty": "20.01750000", "time": 1633507969431, "isBuyerMaker": false, "isBestMatch": true}, {"id": 37020369, "price": "266.90000000", "qty": "5.89400000", "quoteQty": "1573.10860000", "time": 1633507969431, "isBuyerMaker": false, "isBestMatch": true}, {"id": 37020370, "price": "266.90000000", "qty": "0.50000000", "quoteQty": "133.45000000", "time": 1633507977022, "isBuyerMaker": false, "isBestMatch": true}, {"id": 37020371, "price": "266.80000000", "qty": "0.05400000", "quoteQty": "14.40720000", "time": 1633507977271, "isBuyerMaker": true, "isBestMatch": true}, {"id": 37020372, "price": "266.90000000", "qty": "0.98000000", "quoteQty": "261.56200000", "time": 1633507978845, "isBuyerMaker": false, "isBestMatch": true}, {"id": 37020373, "price": "266.90000000", "qty": "0.35200000", "quoteQty": "93.94880000", "time": 1633507978845, "isBuyerMaker": false, "isBestMatch": true}, {"id": 37020374, "price": "266.90000000", "qty": "0.05400000", "quoteQty": "14.41260000", "time": 1633507983100, "isBuyerMaker": false, "isBestMatch": true}, {"id": 37020375, "price": "266.90000000", "qty": "1.77100000", "quoteQty": "472.67990000", "time": 1633507983100, "isBuyerMaker": false, "isBestMatch": true}, {"id": 37020376, "price": "266.90000000", "qty": "1.48000000", "quoteQty": "395.01200000", "time": 1633507983100, "isBuyerMaker": false, "isBestMatch": true}, {"id": 37020377, "price": "266.90000000", "qty": "4.24500000", "quoteQty": "1132.99050000", "time": 1633507983100, "isBuyerMaker": false, "isBestMatch": true}, {"id": 37020378, "price": "266.90000000", "qty": "0.04100000", "quoteQty": "10.94290000", "time": 1633507983968, "isBuyerMaker": false, "isBestMatch": true}, {"id": 37020379, "price": "266.90000000", "qty": "2.21300000", "quoteQty": "590.64970000", "time": 1633507988579, "isBuyerMaker": false, "isBestMatch": true}, {"id": 37020380, "price": "266.90000000", "qty": "1.48000000", "quoteQty": "395.01200000", "time": 1633507988579, "isBuyerMaker": false, "isBestMatch": true}, {"id": 37020381, "price": "267.00000000", "qty": "0.66000000", "quoteQty": "176.22000000", "time": 1633507992886, "isBuyerMaker": false, "isBestMatch": true}, {"id": 37020382, "price": "267.00000000", "qty": "2.22400000", "quoteQty": "593.80800000", "time": 1633507992886, "isBuyerMaker": false, "isBestMatch": true}, {"id": 37020383, "price": "267.00000000", "qty": "3.08000000", "quoteQty": "822.36000000", "time": 1633507993267, "isBuyerMaker": true, "isBestMatch": true}, {"id": 37020384, "price": "267.00000000", "qty": "5.16000000", "quoteQty": "1377.72000000", "time": 1633507993268, "isBuyerMaker": true, "isBestMatch": true}, {"id": 37020385, "price": "267.00000000", "qty": "1.75300000", "quoteQty": "468.05100000", "time": 1633507993320, "isBuyerMaker": true, "isBestMatch": true}, {"id": 37020386, "price": "267.00000000", "qty": "2.22500000", "quoteQty": "594.07500000", "time": 1633507993320, "isBuyerMaker": true, "isBestMatch": true}, {"id": 37020387, "price": "267.00000000", "qty": "0.06900000", "quoteQty": "18.42300000", "time": 1633507993320, "isBuyerMaker": true, "isBestMatch": true}, {"id": 37020388, "price": "267.00000000", "qty": "1.11300000", "quoteQty": "297.17100000", "time": 1633507993320, "isBuyerMaker": true, "isBestMatch": true}, {"id": 37020389, "price": "267.00000000", "qty": "5.00000000", "quoteQty": "1335.00000000", "time": 1633507993505, "isBuyerMaker": true, "isBestMatch": true}, {"id": 37020390, "price": "267.00000000", "qty": "4.21500000", "quoteQty": "1125.40500000", "time": 1633507993514, "isBuyerMaker": true, "isBestMatch": true}, {"id": 37020391, "price": "267.00000000", "qty": "0.03900000", "quoteQty": "10.41300000", "time": 1633507998198, "isBuyerMaker": false, "isBestMatch": true}, {"id": 37020392, "price": "266.90000000", "qty": "0.06900000", "quoteQty": "18.41610000", "time": 1633507999246, "isBuyerMaker": true, "isBestMatch": true}, {"id": 37020393, "price": "267.00000000", "qty": "0.03000000", "quoteQty": "8.01000000", "time": 1633508001207, "isBuyerMaker": false, "isBestMatch": true}, {"id": 37020394, "price": "267.00000000", "qty": "0.06900000", "quoteQty": "18.42300000", "time": 1633508003935, "isBuyerMaker": true, "isBestMatch": true}, {"id": 37020395, "price": "267.00000000", "qty": "3.13100000", "quoteQty": "835.97700000", "time": 1633508003935, "isBuyerMaker": true, "isBestMatch": true}, {"id": 37020396, "price": "266.90000000", "qty": "1.56400000", "quoteQty": "417.43160000", "time": 1633508003954, "isBuyerMaker": true, "isBestMatch": true}, {"id": 37020397, "price": "266.90000000", "qty": "3.59600000", "quoteQty": "959.77240000", "time": 1633508003954, "isBuyerMaker": true, "isBestMatch": true}, {"id": 37020398, "price": "266.90000000", "qty": "0.09700000", "quoteQty": "25.88930000", "time": 1633508003968, "isBuyerMaker": true, "isBestMatch": true}, {"id": 37020399, "price": "266.90000000", "qty": "2.10700000", "quoteQty": "562.35830000", "time": 1633508003968, "isBuyerMaker": true, "isBestMatch": true}, {"id": 37020400, "price": "266.90000000", "qty": "2.20600000", "quoteQty": "588.78140000", "time": 1633508003968, "isBuyerMaker": true, "isBestMatch": true}, {"id": 37020401, "price": "266.90000000", "qty": "0.75000000", "quoteQty": "200.17500000", "time": 1633508003968, "isBuyerMaker": true, "isBestMatch": true}, {"id": 37020402, "price": "267.00000000", "qty": "1.96000000", "quoteQty": "523.32000000", "time": 1633508003976, "isBuyerMaker": false, "isBestMatch": true}, {"id": 37020403, "price": "266.90000000", "qty": "1.64500000", "quoteQty": "439.05050000", "time": 1633508004004, "isBuyerMaker": true, "isBestMatch": true}, {"id": 37020404, "price": "266.90000000", "qty": "1.77100000", "quoteQty": "472.67990000", "time": 1633508004004, "isBuyerMaker": true, "isBestMatch": true}, {"id": 37020405, "price": "266.90000000", "qty": "1.74400000", "quoteQty": "465.47360000", "time": 1633508004004, "isBuyerMaker": true, "isBestMatch": true}, {"id": 37020406, "price": "267.00000000", "qty": "2.20600000", "quoteQty": "589.00200000", "time": 1633508004372, "isBuyerMaker": false, "isBestMatch": true}, {"id": 37020407, "price": "267.00000000", "qty": "0.15300000", "quoteQty": "40.85100000", "time": 1633508004372, "isBuyerMaker": false, "isBestMatch": true}, {"id": 37020408, "price": "267.00000000", "qty": "1.53900000", "quoteQty": "410.91300000", "time": 1633508004435, "isBuyerMaker": false, "isBestMatch": true}, {"id": 37020409, "price": "267.00000000", "qty": "0.03900000", "quoteQty": "10.41300000", "time": 1633508005646, "isBuyerMaker": false, "isBestMatch": true}, {"id": 37020410, "price": "267.00000000", "qty": "3.42900000", "quoteQty": "915.54300000", "time": 1633508008183, "isBuyerMaker": false, "isBestMatch": true}, {"id": 37020411, "price": "267.00000000", "qty": "0.06900000", "quoteQty": "18.42300000", "time": 1633508008183, "isBuyerMaker": false, "isBestMatch": true}, {"id": 37020412, "price": "267.00000000", "qty": "0.29300000", "quoteQty": "78.23100000", "time": 1633508008183, "isBuyerMaker": false, "isBestMatch": true}, {"id": 37020413, "price": "267.00000000", "qty": "2.21300000", "quoteQty": "590.87100000", "time": 1633508008209, "isBuyerMaker": false, "isBestMatch": true}, {"id": 37020414, "price": "267.10000000", "qty": "1.48000000", "quoteQty": "395.30800000", "time": 1633508008302, "isBuyerMaker": false, "isBestMatch": true}, {"id": 37020415, "price": "267.10000000", "qty": "1.36900000", "quoteQty": "365.65990000", "time": 1633508008302, "isBuyerMaker": false, "isBestMatch": true}, {"id": 37020416, "price": "267.10000000", "qty": "2.19900000", "quoteQty": "587.35290000", "time": 1633508015404, "isBuyerMaker": false, "isBestMatch": true}, {"id": 37020417, "price": "267.10000000", "qty": "1.14000000", "quoteQty": "304.49400000", "time": 1633508015414, "isBuyerMaker": false, "isBestMatch": true}, {"id": 37020418, "price": "267.10000000", "qty": "0.06900000", "quoteQty": "18.42990000", "time": 1633508015730, "isBuyerMaker": true, "isBestMatch": true}, {"id": 37020419, "price": "267.00000000", "qty": "1.77100000", "quoteQty": "472.85700000", "time": 1633508015768, "isBuyerMaker": true, "isBestMatch": true}, {"id": 37020420, "price": "267.00000000", "qty": "2.19900000", "quoteQty": "587.13300000", "time": 1633508015768, "isBuyerMaker": true, "isBestMatch": true}, {"id": 37020421, "price": "267.00000000", "qty": "1.19000000", "quoteQty": "317.73000000", "time": 1633508015768, "isBuyerMaker": true, "isBestMatch": true}, {"id": 37020422, "price": "267.10000000", "qty": "5.09100000", "quoteQty": "1359.80610000", "time": 1633508015773, "isBuyerMaker": false, "isBestMatch": true}, {"id": 37020423, "price": "267.10000000", "qty": "5.16000000", "quoteQty": "1378.23600000", "time": 1633508015773, "isBuyerMaker": false, "isBestMatch": true}, {"id": 37020424, "price": "267.20000000", "qty": "0.03800000", "quoteQty": "10.15360000", "time": 1633508015774, "isBuyerMaker": false, "isBestMatch": true}, {"id": 37020425, "price": "267.20000000", "qty": "0.49500000", "quoteQty": "132.26400000", "time": 1633508015774, "isBuyerMaker": false, "isBestMatch": true}, {"id": 37020426, "price": "267.10000000", "qty": "0.06900000", "quoteQty": "18.42990000", "time": 1633508015797, "isBuyerMaker": false, "isBestMatch": true}, {"id": 37020427, "price": "267.10000000", "qty": "3.83700000", "quoteQty": "1024.86270000", "time": 1633508015797, "isBuyerMaker": false, "isBestMatch": true}, {"id": 37020428, "price": "267.10000000", "qty": "0.06900000", "quoteQty": "18.42990000", "time": 1633508015798, "isBuyerMaker": false, "isBestMatch": true}, {"id": 37020429, "price": "267.00000000", "qty": "3.30500000", "quoteQty": "882.43500000", "time": 1633508015985, "isBuyerMaker": true, "isBestMatch": true}, {"id": 37020430, "price": "267.00000000", "qty": "1.85500000", "quoteQty": "495.28500000", "time": 1633508015985, "isBuyerMaker": true, "isBestMatch": true}, {"id": 37020431, "price": "267.00000000", "qty": "5.16000000", "quoteQty": "1377.72000000", "time": 1633508016040, "isBuyerMaker": true, "isBestMatch": true}, {"id": 37020432, "price": "267.10000000", "qty": "2.19200000", "quoteQty": "585.48320000", "time": 1633508016587, "isBuyerMaker": true, "isBestMatch": true}, {"id": 37020433, "price": "267.10000000", "qty": "2.96800000", "quoteQty": "792.75280000", "time": 1633508016587, "isBuyerMaker": true, "isBestMatch": true}, {"id": 37020434, "price": "267.20000000", "qty": "0.74000000", "quoteQty": "197.72800000", "time": 1633508016605, "isBuyerMaker": false, "isBestMatch": true}, {"id": 37020435, "price": "267.10000000", "qty": "1.07600000", "quoteQty": "287.39960000", "time": 1633508016624, "isBuyerMaker": true, "isBestMatch": true}, {"id": 37020436, "price": "267.00000000", "qty": "0.58500000", "quoteQty": "156.19500000", "time": 1633508016649, "isBuyerMaker": true, "isBestMatch": true}, {"id": 37020437, "price": "267.00000000", "qty": "2.29600000", "quoteQty": "613.03200000", "time": 1633508016649, "isBuyerMaker": true, "isBestMatch": true}, {"id": 37020438, "price": "267.00000000", "qty": "1.99300000", "quoteQty": "532.13100000", "time": 1633508016649, "isBuyerMaker": true, "isBestMatch": true}, {"id": 37020439, "price": "267.00000000", "qty": "0.07200000", "quoteQty": "19.22400000", "time": 1633508016649, "isBuyerMaker": true, "isBestMatch": true}, {"id": 37020440, "price": "267.00000000", "qty": "0.08100000", "quoteQty": "21.62700000", "time": 1633508016649, "isBuyerMaker": true, "isBestMatch": true}, {"id": 37020441, "price": "267.00000000", "qty": "0.13300000", "quoteQty": "35.51100000", "time": 1633508016649, "isBuyerMaker": true, "isBestMatch": true}, {"id": 37020442, "price": "267.00000000", "qty": "1.04800000", "quoteQty": "279.81600000", "time": 1633508016650, "isBuyerMaker": true, "isBestMatch": true}, {"id": 37020443, "price": "267.00000000", "qty": "4.00000000", "quoteQty": "1068.00000000", "time": 1633508016650, "isBuyerMaker": true, "isBestMatch": true}, {"id": 37020444, "price": "267.00000000", "qty": "0.11200000", "quoteQty": "29.90400000", "time": 1633508016650, "isBuyerMaker": true, "isBestMatch": true}, {"id": 37020445, "price": "267.00000000", "qty": "5.16000000", "quoteQty": "1377.72000000", "time": 1633508016666, "isBuyerMaker": true, "isBestMatch": true}, {"id": 37020446, "price": "266.90000000", "qty": "5.16000000", "quoteQty": "1377.20400000", "time": 1633508016683, "isBuyerMaker": true, "isBestMatch": true}, {"id": 37020447, "price": "266.90000000", "qty": "2.49100000", "quoteQty": "664.84790000", "time": 1633508016694, "isBuyerMaker": true, "isBestMatch": true}, {"id": 37020448, "price": "266.90000000", "qty": "2.52700000", "quoteQty": "674.45630000", "time": 1633508016694, "isBuyerMaker": true, "isBestMatch": true}, {"id": 37020449, "price": "266.90000000", "qty": "0.14200000", "quoteQty": "37.89980000", "time": 1633508016694, "isBuyerMaker": true, "isBestMatch": true}, {"id": 37020450, "price": "267.00000000", "qty": "5.16000000", "quoteQty": "1377.72000000", "time": 1633508016714, "isBuyerMaker": false, "isBestMatch": true}, {"id": 37020451, "price": "267.00000000", "qty": "5.16000000", "quoteQty": "1377.72000000", "time": 1633508016720, "isBuyerMaker": false, "isBestMatch": true}, {"id": 37020452, "price": "267.00000000", "qty": "1.97900000", "quoteQty": "528.39300000", "time": 1633508016730, "isBuyerMaker": true, "isBestMatch": true}, {"id": 37020453, "price": "267.00000000", "qty": "3.18100000", "quoteQty": "849.32700000", "time": 1633508016733, "isBuyerMaker": false, "isBestMatch": true}, {"id": 37020454, "price": "266.90000000", "qty": "0.27800000", "quoteQty": "74.19820000", "time": 1633508016734, "isBuyerMaker": true, "isBestMatch": true}, {"id": 37020455, "price": "266.90000000", "qty": "4.88200000", "quoteQty": "1303.00580000", "time": 1633508016734, "isBuyerMaker": true, "isBestMatch": true}, {"id": 37020456, "price": "267.00000000", "qty": "0.99000000", "quoteQty": "264.33000000", "time": 1633508016746, "isBuyerMaker": true, "isBestMatch": true}, {"id": 37020457, "price": "266.90000000", "qty": "4.17000000", "quoteQty": "1112.97300000", "time": 1633508016746, "isBuyerMaker": true, "isBestMatch": true}, {"id": 37020458, "price": "266.90000000", "qty": "0.94800000", "quoteQty": "253.02120000", "time": 1633508016764, "isBuyerMaker": true, "isBestMatch": true}, {"id": 37020459, "price": "266.90000000", "qty": "0.40200000", "quoteQty": "107.29380000", "time": 1633508016764, "isBuyerMaker": true, "isBestMatch": true}, {"id": 37020460, "price": "266.90000000", "qty": "0.40200000", "quoteQty": "107.29380000", "time": 1633508016764, "isBuyerMaker": true, "isBestMatch": true}, {"id": 37020461, "price": "266.90000000", "qty": "3.40800000", "quoteQty": "909.59520000", "time": 1633508016764, "isBuyerMaker": true, "isBestMatch": true}, {"id": 37020462, "price": "266.90000000", "qty": "1.19200000", "quoteQty": "318.14480000", "time": 1633508016767, "isBuyerMaker": true, "isBestMatch": true}, {"id": 37020463, "price": "266.90000000", "qty": "1.65900000", "quoteQty": "442.78710000", "time": 1633508016767, "isBuyerMaker": true, "isBestMatch": true}, {"id": 37020464, "price": "266.90000000", "qty": "1.41000000", "quoteQty": "376.32900000", "time": 1633508016776, "isBuyerMaker": false, "isBestMatch": true}, {"id": 37020465, "price": "266.90000000", "qty": "0.89900000", "quoteQty": "239.94310000", "time": 1633508016780, "isBuyerMaker": false, "isBestMatch": true}, {"id": 37020466, "price": "266.90000000", "qty": "3.47000000", "quoteQty": "926.14300000", "time": 1633508016780, "isBuyerMaker": false, "isBestMatch": true}, {"id": 37020467, "price": "266.90000000", "qty": "0.21800000", "quoteQty": "58.18420000", "time": 1633508016782, "isBuyerMaker": false, "isBestMatch": true}, {"id": 37020468, "price": "266.80000000", "qty": "2.62200000", "quoteQty": "699.54960000", "time": 1633508016785, "isBuyerMaker": true, "isBestMatch": true}, {"id": 37020469, "price": "266.80000000", "qty": "2.53800000", "quoteQty": "677.13840000", "time": 1633508016785, "isBuyerMaker": true, "isBestMatch": true}, {"id": 37020470, "price": "266.80000000", "qty": "5.05400000", "quoteQty": "1348.40720000", "time": 1633508016787, "isBuyerMaker": true, "isBestMatch": true}, {"id": 37020471, "price": "266.80000000", "qty": "0.10600000", "quoteQty": "28.28080000", "time": 1633508016787, "isBuyerMaker": true, "isBestMatch": true}, {"id": 37020472, "price": "266.90000000", "qty": "1.47200000", "quoteQty": "392.87680000", "time": 1633508016790, "isBuyerMaker": false, "isBestMatch": true}, {"id": 37020473, "price": "266.90000000", "qty": "5.16000000", "quoteQty": "1377.20400000", "time": 1633508016797, "isBuyerMaker": true, "isBestMatch": true}, {"id": 37020474, "price": "266.90000000", "qty": "0.83700000", "quoteQty": "223.39530000", "time": 1633508016805, "isBuyerMaker": true, "isBestMatch": true}, {"id": 37020475, "price": "266.90000000", "qty": "0.49500000", "quoteQty": "132.11550000", "time": 1633508016805, "isBuyerMaker": true, "isBestMatch": true}, {"id": 37020476, "price": "266.80000000", "qty": "5.16000000", "quoteQty": "1376.68800000", "time": 1633508016822, "isBuyerMaker": true, "isBestMatch": true}, {"id": 37020477, "price": "266.80000000", "qty": "4.93400000", "quoteQty": "1316.39120000", "time": 1633508016824, "isBuyerMaker": true, "isBestMatch": true}, {"id": 37020478, "price": "266.80000000", "qty": "0.22600000", "quoteQty": "60.29680000", "time": 1633508016824, "isBuyerMaker": true, "isBestMatch": true}, {"id": 37020479, "price": "266.80000000", "qty": "4.37400000", "quoteQty": "1166.98320000", "time": 1633508016905, "isBuyerMaker": true, "isBestMatch": true}, {"id": 37020480, "price": "266.80000000", "qty": "0.78600000", "quoteQty": "209.70480000", "time": 1633508016905, "isBuyerMaker": true, "isBestMatch": true}, {"id": 37020481, "price": "266.80000000", "qty": "1.83600000", "quoteQty": "489.84480000", "time": 1633508016909, "isBuyerMaker": true, "isBestMatch": true}, {"id": 37020482, "price": "266.80000000", "qty": "3.32400000", "quoteQty": "886.84320000", "time": 1633508016909, "isBuyerMaker": true, "isBestMatch": true}, {"id": 37020483, "price": "266.80000000", "qty": "5.16000000", "quoteQty": "1376.68800000", "time": 1633508016931, "isBuyerMaker": true, "isBestMatch": true}, {"id": 37020484, "price": "266.80000000", "qty": "5.16000000", "quoteQty": "1376.68800000", "time": 1633508016976, "isBuyerMaker": true, "isBestMatch": true}, {"id": 37020485, "price": "266.80000000", "qty": "5.16000000", "quoteQty": "1376.68800000", "time": 1633508016977, "isBuyerMaker": true, "isBestMatch": true}, {"id": 37020486, "price": "266.90000000", "qty": "2.00000000", "quoteQty": "533.80000000", "time": 1633508017176, "isBuyerMaker": false, "isBestMatch": true}, {"id": 37020487, "price": "266.90000000", "qty": "1.82800000", "quoteQty": "487.89320000", "time": 1633508017223, "isBuyerMaker": false, "isBestMatch": true}, {"id": 37020488, "price": "267.00000000", "qty": "0.50000000", "quoteQty": "133.50000000", "time": 1633508018345, "isBuyerMaker": false, "isBestMatch": true}, {"id": 37020489, "price": "267.00000000", "qty": "4.66000000", "quoteQty": "1244.22000000", "time": 1633508019301, "isBuyerMaker": false, "isBestMatch": true}, {"id": 37020490, "price": "267.00000000", "qty": "1.80500000", "quoteQty": "481.93500000", "time": 1633508019301, "isBuyerMaker": false, "isBestMatch": true}, {"id": 37020491, "price": "267.00000000", "qty": "0.08100000", "quoteQty": "21.62700000", "time": 1633508019301, "isBuyerMaker": false, "isBestMatch": true}, {"id": 37020492, "price": "267.10000000", "qty": "0.62300000", "quoteQty": "166.40330000", "time": 1633508019301, "isBuyerMaker": false, "isBestMatch": true}, {"id": 37020493, "price": "266.90000000", "qty": "0.13800000", "quoteQty": "36.83220000", "time": 1633508036368, "isBuyerMaker": true, "isBestMatch": true}, {"id": 37020494, "price": "266.80000000", "qty": "0.29300000", "quoteQty": "78.17240000", "time": 1633508036405, "isBuyerMaker": true, "isBestMatch": true}, {"id": 37020495, "price": "266.80000000", "qty": "1.48300000", "quoteQty": "395.66440000", "time": 1633508036405, "isBuyerMaker": true, "isBestMatch": true}, {"id": 37020496, "price": "266.80000000", "qty": "1.00600000", "quoteQty": "268.40080000", "time": 1633508036452, "isBuyerMaker": true, "isBestMatch": true}, {"id": 37020497, "price": "266.80000000", "qty": "2.00000000", "quoteQty": "533.60000000", "time": 1633508036462, "isBuyerMaker": true, "isBestMatch": true}, {"id": 37020498, "price": "266.80000000", "qty": "0.00900000", "quoteQty": "2.40120000", "time": 1633508036469, "isBuyerMaker": true, "isBestMatch": true}, {"id": 37020499, "price": "266.80000000", "qty": "4.26100000", "quoteQty": "1136.83480000", "time": 1633508040156, "isBuyerMaker": false, "isBestMatch": true}, {"id": 37020500, "price": "266.80000000", "qty": "1.37000000", "quoteQty": "365.51600000", "time": 1633508040164, "isBuyerMaker": false, "isBestMatch": true}, {"id": 37020501, "price": "266.80000000", "qty": "0.13800000", "quoteQty": "36.81840000", "time": 1633508040169, "isBuyerMaker": false, "isBestMatch": true}, {"id": 37020502, "price": "266.90000000", "qty": "0.04100000", "quoteQty": "10.94290000", "time": 1633508041011, "isBuyerMaker": false, "isBestMatch": true}, {"id": 37020503, "price": "266.80000000", "qty": "0.13800000", "quoteQty": "36.81840000", "time": 1633508051182, "isBuyerMaker": true, "isBestMatch": true}, {"id": 37020504, "price": "266.80000000", "qty": "4.36200000", "quoteQty": "1163.78160000", "time": 1633508051195, "isBuyerMaker": true, "isBestMatch": true}, {"id": 37020505, "price": "266.80000000", "qty": "0.13800000", "quoteQty": "36.81840000", "time": 1633508051197, "isBuyerMaker": true, "isBestMatch": true}, {"id": 37020506, "price": "266.70000000", "qty": "0.37400000", "quoteQty": "99.74580000", "time": 1633508051242, "isBuyerMaker": true, "isBestMatch": true}, {"id": 37020507, "price": "266.70000000", "qty": "1.45400000", "quoteQty": "387.78180000", "time": 1633508051242, "isBuyerMaker": true, "isBestMatch": true}, {"id": 37020508, "price": "266.70000000", "qty": "10.94600000", "quoteQty": "2919.29820000", "time": 1633508051242, "isBuyerMaker": true, "isBestMatch": true}, {"id": 37020509, "price": "266.70000000", "qty": "7.63500000", "quoteQty": "2036.25450000", "time": 1633508051242, "isBuyerMaker": true, "isBestMatch": true}, {"id": 37020510, "price": "266.70000000", "qty": "4.50000000", "quoteQty": "1200.15000000", "time": 1633508051356, "isBuyerMaker": true, "isBestMatch": true}, {"id": 37020511, "price": "266.60000000", "qty": "0.64800000", "quoteQty": "172.75680000", "time": 1633508051472, "isBuyerMaker": true, "isBestMatch": true}, {"id": 37020512, "price": "266.60000000", "qty": "0.47400000", "quoteQty": "126.36840000", "time": 1633508051472, "isBuyerMaker": true, "isBestMatch": true}, {"id": 37020513, "price": "266.50000000", "qty": "0.09700000", "quoteQty": "25.85050000", "time": 1633508051501, "isBuyerMaker": true, "isBestMatch": true}, {"id": 37020514, "price": "266.50000000", "qty": "0.70000000", "quoteQty": "186.55000000", "time": 1633508051501, "isBuyerMaker": true, "isBestMatch": true}, {"id": 37020515, "price": "266.50000000", "qty": "0.15900000", "quoteQty": "42.37350000", "time": 1633508051501, "isBuyerMaker": true, "isBestMatch": true}, {"id": 37020516, "price": "266.50000000", "qty": "1.04400000", "quoteQty": "278.22600000", "time": 1633508051501, "isBuyerMaker": true, "isBestMatch": true}, {"id": 37020517, "price": "266.50000000", "qty": "2.88600000", "quoteQty": "769.11900000", "time": 1633508051507, "isBuyerMaker": true, "isBestMatch": true}, {"id": 37020518, "price": "266.60000000", "qty": "3.69500000", "quoteQty": "985.08700000", "time": 1633508051530, "isBuyerMaker": false, "isBestMatch": true}, {"id": 37020519, "price": "266.50000000", "qty": "1.15300000", "quoteQty": "307.27450000", "time": 1633508051552, "isBuyerMaker": true, "isBestMatch": true}, {"id": 37020520, "price": "266.50000000", "qty": "0.24700000", "quoteQty": "65.82550000", "time": 1633508051667, "isBuyerMaker": true, "isBestMatch": true}, {"id": 37020521, "price": "266.50000000", "qty": "0.84600000", "quoteQty": "225.45900000", "time": 1633508051667, "isBuyerMaker": true, "isBestMatch": true}, {"id": 37020522, "price": "266.50000000", "qty": "0.61000000", "quoteQty": "162.56500000", "time": 1633508051675, "isBuyerMaker": true, "isBestMatch": true}, {"id": 37020523, "price": "266.40000000", "qty": "0.49000000", "quoteQty": "130.53600000", "time": 1633508051675, "isBuyerMaker": true, "isBestMatch": true}, {"id": 37020524, "price": "266.40000000", "qty": "0.26100000", "quoteQty": "69.53040000", "time": 1633508051677, "isBuyerMaker": true, "isBestMatch": true}, {"id": 37020525, "price": "266.40000000", "qty": "0.33900000", "quoteQty": "90.30960000", "time": 1633508051677, "isBuyerMaker": true, "isBestMatch": true}, {"id": 37020526, "price": "266.40000000", "qty": "0.78800000", "quoteQty": "209.92320000", "time": 1633508051677, "isBuyerMaker": true, "isBestMatch": true}, {"id": 37020527, "price": "266.40000000", "qty": "0.07600000", "quoteQty": "20.24640000", "time": 1633508051677, "isBuyerMaker": true, "isBestMatch": true}, {"id": 37020528, "price": "266.40000000", "qty": "0.15100000", "quoteQty": "40.22640000", "time": 1633508051677, "isBuyerMaker": true, "isBestMatch": true}, {"id": 37020529, "price": "266.40000000", "qty": "0.18500000", "quoteQty": "49.28400000", "time": 1633508051677, "isBuyerMaker": true, "isBestMatch": true}, {"id": 37020530, "price": "266.60000000", "qty": "1.20800000", "quoteQty": "322.05280000", "time": 1633508051688, "isBuyerMaker": false, "isBestMatch": true}, {"id": 37020531, "price": "266.60000000", "qty": "2.22800000", "quoteQty": "593.98480000", "time": 1633508051688, "isBuyerMaker": false, "isBestMatch": true}, {"id": 37020532, "price": "266.50000000", "qty": "1.20000000", "quoteQty": "319.80000000", "time": 1633508051690, "isBuyerMaker": true, "isBestMatch": true}, {"id": 37020533, "price": "266.40000000", "qty": "0.08200000", "quoteQty": "21.84480000", "time": 1633508052695, "isBuyerMaker": true, "isBestMatch": true}, {"id": 37020534, "price": "266.30000000", "qty": "0.07500000", "quoteQty": "19.97250000", "time": 1633508052695, "isBuyerMaker": true, "isBestMatch": true}, {"id": 37020535, "price": "266.30000000", "qty": "0.07500000", "quoteQty": "19.97250000", "time": 1633508052695, "isBuyerMaker": true, "isBestMatch": true}, {"id": 37020536, "price": "266.30000000", "qty": "0.04200000", "quoteQty": "11.18460000", "time": 1633508052695, "isBuyerMaker": true, "isBestMatch": true}, {"id": 37020537, "price": "266.30000000", "qty": "0.18800000", "quoteQty": "50.06440000", "time": 1633508052695, "isBuyerMaker": true, "isBestMatch": true}, {"id": 37020538, "price": "266.30000000", "qty": "0.05700000", "quoteQty": "15.17910000", "time": 1633508052695, "isBuyerMaker": true, "isBestMatch": true}, {"id": 37020539, "price": "266.30000000", "qty": "0.10900000", "quoteQty": "29.02670000", "time": 1633508052695, "isBuyerMaker": true, "isBestMatch": true}, {"id": 37020540, "price": "266.30000000", "qty": "0.07400000", "quoteQty": "19.70620000", "time": 1633508052695, "isBuyerMaker": true, "isBestMatch": true}, {"id": 37020541, "price": "266.30000000", "qty": "0.79800000", "quoteQty": "212.50740000", "time": 1633508052695, "isBuyerMaker": true, "isBestMatch": true}, {"id": 37020542, "price": "266.30000000", "qty": "0.23900000", "quoteQty": "63.64570000", "time": 1633508052695, "isBuyerMaker": true, "isBestMatch": true}, {"id": 37020543, "price": "266.30000000", "qty": "0.37400000", "quoteQty": "99.59620000", "time": 1633508052695, "isBuyerMaker": true, "isBestMatch": true}, {"id": 37020544, "price": "266.40000000", "qty": "0.30800000", "quoteQty": "82.05120000", "time": 1633508053190, "isBuyerMaker": false, "isBestMatch": true}, {"id": 37020545, "price": "266.40000000", "qty": "0.13800000", "quoteQty": "36.76320000", "time": 1633508053571, "isBuyerMaker": false, "isBestMatch": true}, {"id": 37020546, "price": "266.50000000", "qty": "3.80800000", "quoteQty": "1014.83200000", "time": 1633508054721, "isBuyerMaker": false, "isBestMatch": true}, {"id": 37020547, "price": "266.60000000", "qty": "0.04500000", "quoteQty": "11.99700000", "time": 1633508055052, "isBuyerMaker": false, "isBestMatch": true}, {"id": 37020548, "price": "266.60000000", "qty": "0.05600000", "quoteQty": "14.92960000", "time": 1633508055390, "isBuyerMaker": false, "isBestMatch": true}, {"id": 37020549, "price": "266.60000000", "qty": "0.04600000", "quoteQty": "12.26360000", "time": 1633508055391, "isBuyerMaker": false, "isBestMatch": true}, {"id": 37020550, "price": "266.60000000", "qty": "0.11200000", "quoteQty": "29.85920000", "time": 1633508055404, "isBuyerMaker": false, "isBestMatch": true}, {"id": 37020551, "price": "266.60000000", "qty": "0.04500000", "quoteQty": "11.99700000", "time": 1633508055458, "isBuyerMaker": false, "isBestMatch": true}, {"id": 37020552, "price": "266.50000000", "qty": "0.04900000", "quoteQty": "13.05850000", "time": 1633508057236, "isBuyerMaker": true, "isBestMatch": true}, {"id": 37020553, "price": "266.60000000", "qty": "0.04000000", "quoteQty": "10.66400000", "time": 1633508057574, "isBuyerMaker": false, "isBestMatch": true}, {"id": 37020554, "price": "266.50000000", "qty": "0.02000000", "quoteQty": "5.33000000", "time": 1633508060362, "isBuyerMaker": true, "isBestMatch": true}, {"id": 37020555, "price": "266.30000000", "qty": "0.28600000", "quoteQty": "76.16180000", "time": 1633508062078, "isBuyerMaker": true, "isBestMatch": true}, {"id": 37020556, "price": "266.30000000", "qty": "2.42100000", "quoteQty": "644.71230000", "time": 1633508062078, "isBuyerMaker": true, "isBestMatch": true}, {"id": 37020557, "price": "266.40000000", "qty": "0.96700000", "quoteQty": "257.60880000", "time": 1633508063130, "isBuyerMaker": false, "isBestMatch": true}, {"id": 37020558, "price": "266.40000000", "qty": "0.06900000", "quoteQty": "18.38160000", "time": 1633508063130, "isBuyerMaker": false, "isBestMatch": true}, {"id": 37020559, "price": "266.50000000", "qty": "0.07600000", "quoteQty": "20.25400000", "time": 1633508063692, "isBuyerMaker": false, "isBestMatch": true}, {"id": 37020560, "price": "266.50000000", "qty": "0.27300000", "quoteQty": "72.75450000", "time": 1633508064521, "isBuyerMaker": false, "isBestMatch": true}, {"id": 37020561, "price": "266.50000000", "qty": "0.93800000", "quoteQty": "249.97700000", "time": 1633508071975, "isBuyerMaker": false, "isBestMatch": true}, {"id": 37020562, "price": "266.40000000", "qty": "0.06900000", "quoteQty": "18.38160000", "time": 1633508073438, "isBuyerMaker": true, "isBestMatch": true}, {"id": 37020563, "price": "266.40000000", "qty": "3.90400000", "quoteQty": "1040.02560000", "time": 1633508073438, "isBuyerMaker": true, "isBestMatch": true}, {"id": 37020564, "price": "266.40000000", "qty": "0.29400000", "quoteQty": "78.32160000", "time": 1633508073438, "isBuyerMaker": true, "isBestMatch": true}, {"id": 37020565, "price": "266.40000000", "qty": "2.11500000", "quoteQty": "563.43600000", "time": 1633508073446, "isBuyerMaker": true, "isBestMatch": true}, {"id": 37020566, "price": "266.40000000", "qty": "5.39800000", "quoteQty": "1438.02720000", "time": 1633508073448, "isBuyerMaker": true, "isBestMatch": true}, {"id": 37020567, "price": "266.30000000", "qty": "0.19600000", "quoteQty": "52.19480000", "time": 1633508073472, "isBuyerMaker": true, "isBestMatch": true}, {"id": 37020568, "price": "266.30000000", "qty": "4.31100000", "quoteQty": "1148.01930000", "time": 1633508073472, "isBuyerMaker": true, "isBestMatch": true}, {"id": 37020569, "price": "266.20000000", "qty": "0.11300000", "quoteQty": "30.08060000", "time": 1633508073472, "isBuyerMaker": true, "isBestMatch": true}, {"id": 37020570, "price": "266.20000000", "qty": "0.13200000", "quoteQty": "35.13840000", "time": 1633508073472, "isBuyerMaker": true, "isBestMatch": true}, {"id": 37020571, "price": "266.20000000", "qty": "0.04700000", "quoteQty": "12.51140000", "time": 1633508073472, "isBuyerMaker": true, "isBestMatch": true}, {"id": 37020572, "price": "266.20000000", "qty": "0.07900000", "quoteQty": "21.02980000", "time": 1633508073472, "isBuyerMaker": true, "isBestMatch": true}, {"id": 37020573, "price": "266.20000000", "qty": "0.07500000", "quoteQty": "19.96500000", "time": 1633508073472, "isBuyerMaker": true, "isBestMatch": true}, {"id": 37020574, "price": "266.20000000", "qty": "0.24300000", "quoteQty": "64.68660000", "time": 1633508073472, "isBuyerMaker": true, "isBestMatch": true}, {"id": 37020575, "price": "266.20000000", "qty": "0.03800000", "quoteQty": "10.11560000", "time": 1633508074732, "isBuyerMaker": true, "isBestMatch": true}, {"id": 37020576, "price": "266.30000000", "qty": "0.06900000", "quoteQty": "18.37470000", "time": 1633508076558, "isBuyerMaker": false, "isBestMatch": true}, {"id": 37020577, "price": "266.20000000", "qty": "1.41900000", "quoteQty": "377.73780000", "time": 1633508077282, "isBuyerMaker": true, "isBestMatch": true}, {"id": 37020578, "price": "266.20000000", "qty": "3.56200000", "quoteQty": "948.20440000", "time": 1633508077282, "isBuyerMaker": true, "isBestMatch": true}, {"id": 37020579, "price": "266.20000000", "qty": "2.20600000", "quoteQty": "587.23720000", "time": 1633508077282, "isBuyerMaker": true, "isBestMatch": true}, {"id": 37020580, "price": "266.20000000", "qty": "1.73300000", "quoteQty": "461.32460000", "time": 1633508077282, "isBuyerMaker": true, "isBestMatch": true}, {"id": 37020581, "price": "266.20000000", "qty": "0.06900000", "quoteQty": "18.36780000", "time": 1633508077282, "isBuyerMaker": true, "isBestMatch": true}, {"id": 37020582, "price": "266.10000000", "qty": "0.11300000", "quoteQty": "30.06930000", "time": 1633508077282, "isBuyerMaker": true, "isBestMatch": true}, {"id": 37020583, "price": "266.10000000", "qty": "0.15800000", "quoteQty": "42.04380000", "time": 1633508077282, "isBuyerMaker": true, "isBestMatch": true}, {"id": 37020584, "price": "266.10000000", "qty": "0.07600000", "quoteQty": "20.22360000", "time": 1633508077282, "isBuyerMaker": true, "isBestMatch": true}, {"id": 37020585, "price": "266.10000000", "qty": "0.17000000", "quoteQty": "45.23700000", "time": 1633508077282, "isBuyerMaker": true, "isBestMatch": true}, {"id": 37020586, "price": "266.10000000", "qty": "0.05700000", "quoteQty": "15.16770000", "time": 1633508077282, "isBuyerMaker": true, "isBestMatch": true}, {"id": 37020587, "price": "266.10000000", "qty": "0.73300000", "quoteQty": "195.05130000", "time": 1633508077282, "isBuyerMaker": true, "isBestMatch": true}, {"id": 37020588, "price": "266.30000000", "qty": "0.41300000", "quoteQty": "109.98190000", "time": 1633508077321, "isBuyerMaker": false, "isBestMatch": true}, {"id": 37020589, "price": "266.30000000", "qty": "0.05600000", "quoteQty": "14.91280000", "time": 1633508077375, "isBuyerMaker": false, "isBestMatch": true}, {"id": 37020590, "price": "266.30000000", "qty": "0.27100000", "quoteQty": "72.16730000", "time": 1633508077409, "isBuyerMaker": false, "isBestMatch": true}, {"id": 37020591, "price": "266.30000000", "qty": "0.07600000", "quoteQty": "20.23880000", "time": 1633508077483, "isBuyerMaker": false, "isBestMatch": true}, {"id": 37020592, "price": "266.40000000", "qty": "0.06900000", "quoteQty": "18.38160000", "time": 1633508081335, "isBuyerMaker": false, "isBestMatch": true}, {"id": 37020593, "price": "266.40000000", "qty": "0.37300000", "quoteQty": "99.36720000", "time": 1633508086826, "isBuyerMaker": true, "isBestMatch": true}, {"id": 37020594, "price": "266.50000000", "qty": "0.05600000", "quoteQty": "14.92400000", "time": 1633508087676, "isBuyerMaker": false, "isBestMatch": true}, {"id": 37020595, "price": "266.50000000", "qty": "0.04000000", "quoteQty": "10.66000000", "time": 1633508087681, "isBuyerMaker": false, "isBestMatch": true}, {"id": 37020596, "price": "266.50000000", "qty": "0.04000000", "quoteQty": "10.66000000", "time": 1633508087757, "isBuyerMaker": false, "isBestMatch": true}, {"id": 37020597, "price": "266.50000000", "qty": "0.15000000", "quoteQty": "39.97500000", "time": 1633508087758, "isBuyerMaker": false, "isBestMatch": true}, {"id": 37020598, "price": "266.50000000", "qty": "0.37500000", "quoteQty": "99.93750000", "time": 1633508087772, "isBuyerMaker": false, "isBestMatch": true}, {"id": 37020599, "price": "266.50000000", "qty": "0.81900000", "quoteQty": "218.26350000", "time": 1633508088438, "isBuyerMaker": false, "isBestMatch": true}, {"id": 37020600, "price": "266.50000000", "qty": "1.45700000", "quoteQty": "388.29050000", "time": 1633508088438, "isBuyerMaker": false, "isBestMatch": true}, {"id": 37020601, "price": "266.60000000", "qty": "0.03800000", "quoteQty": "10.13080000", "time": 1633508088528, "isBuyerMaker": false, "isBestMatch": true}, {"id": 37020602, "price": "266.60000000", "qty": "2.85100000", "quoteQty": "760.07660000", "time": 1633508088528, "isBuyerMaker": false, "isBestMatch": true}, {"id": 37020603, "price": "266.60000000", "qty": "2.62200000", "quoteQty": "699.02520000", "time": 1633508088650, "isBuyerMaker": false, "isBestMatch": true}, {"id": 37020604, "price": "266.70000000", "qty": "1.00600000", "quoteQty": "268.30020000", "time": 1633508089183, "isBuyerMaker": false, "isBestMatch": true}, {"id": 37020605, "price": "266.70000000", "qty": "0.47400000", "quoteQty": "126.41580000", "time": 1633508089184, "isBuyerMaker": false, "isBestMatch": true}, {"id": 37020606, "price": "266.70000000", "qty": "1.99300000", "quoteQty": "531.53310000", "time": 1633508089184, "isBuyerMaker": false, "isBestMatch": true}, {"id": 37020607, "price": "266.70000000", "qty": "2.62200000", "quoteQty": "699.28740000", "time": 1633508089184, "isBuyerMaker": false, "isBestMatch": true}, {"id": 37020608, "price": "266.70000000", "qty": "1.45500000", "quoteQty": "388.04850000", "time": 1633508089184, "isBuyerMaker": false, "isBestMatch": true}, {"id": 37020609, "price": "266.80000000", "qty": "4.68600000", "quoteQty": "1250.22480000", "time": 1633508089184, "isBuyerMaker": false, "isBestMatch": true}, {"id": 37020610, "price": "266.80000000", "qty": "0.26700000", "quoteQty": "71.23560000", "time": 1633508089184, "isBuyerMaker": false, "isBestMatch": true}, {"id": 37020611, "price": "266.70000000", "qty": "0.22200000", "quoteQty": "59.20740000", "time": 1633508091033, "isBuyerMaker": true, "isBestMatch": true}, {"id": 37020612, "price": "266.70000000", "qty": "0.07300000", "quoteQty": "19.46910000", "time": 1633508091713, "isBuyerMaker": true, "isBestMatch": true}, {"id": 37020613, "price": "266.80000000", "qty": "0.05600000", "quoteQty": "14.94080000", "time": 1633508091749, "isBuyerMaker": false, "isBestMatch": true}, {"id": 37020614, "price": "266.80000000", "qty": "0.11200000", "quoteQty": "29.88160000", "time": 1633508091749, "isBuyerMaker": false, "isBestMatch": true}, {"id": 37020615, "price": "266.80000000", "qty": "0.04000000", "quoteQty": "10.67200000", "time": 1633508091752, "isBuyerMaker": false, "isBestMatch": true}, {"id": 37020616, "price": "266.80000000", "qty": "0.11200000", "quoteQty": "29.88160000", "time": 1633508091759, "isBuyerMaker": false, "isBestMatch": true}, {"id": 37020617, "price": "266.80000000", "qty": "0.05200000", "quoteQty": "13.87360000", "time": 1633508091763, "isBuyerMaker": false, "isBestMatch": true}, {"id": 37020618, "price": "266.80000000", "qty": "0.07400000", "quoteQty": "19.74320000", "time": 1633508091767, "isBuyerMaker": false, "isBestMatch": true}, {"id": 37020619, "price": "266.80000000", "qty": "0.05600000", "quoteQty": "14.94080000", "time": 1633508091769, "isBuyerMaker": false, "isBestMatch": true}, {"id": 37020620, "price": "266.80000000", "qty": "0.04000000", "quoteQty": "10.67200000", "time": 1633508091769, "isBuyerMaker": false, "isBestMatch": true}, {"id": 37020621, "price": "266.80000000", "qty": "0.05600000", "quoteQty": "14.94080000", "time": 1633508091770, "isBuyerMaker": false, "isBestMatch": true}, {"id": 37020622, "price": "266.80000000", "qty": "0.14900000", "quoteQty": "39.75320000", "time": 1633508091776, "isBuyerMaker": false, "isBestMatch": true}, {"id": 37020623, "price": "266.80000000", "qty": "0.04000000", "quoteQty": "10.67200000", "time": 1633508091777, "isBuyerMaker": false, "isBestMatch": true}, {"id": 37020624, "price": "266.80000000", "qty": "0.50400000", "quoteQty": "134.46720000", "time": 1633508091777, "isBuyerMaker": false, "isBestMatch": true}, {"id": 37020625, "price": "266.80000000", "qty": "0.62000000", "quoteQty": "165.41600000", "time": 1633508091777, "isBuyerMaker": false, "isBestMatch": true}, {"id": 37020626, "price": "266.80000000", "qty": "0.04100000", "quoteQty": "10.93880000", "time": 1633508091777, "isBuyerMaker": false, "isBestMatch": true}, {"id": 37020627, "price": "266.80000000", "qty": "0.04000000", "quoteQty": "10.67200000", "time": 1633508091779, "isBuyerMaker": false, "isBestMatch": true}, {"id": 37020628, "price": "266.80000000", "qty": "0.05600000", "quoteQty": "14.94080000", "time": 1633508091779, "isBuyerMaker": false, "isBestMatch": true}, {"id": 37020629, "price": "266.80000000", "qty": "0.05600000", "quoteQty": "14.94080000", "time": 1633508091783, "isBuyerMaker": false, "isBestMatch": true}, {"id": 37020630, "price": "266.90000000", "qty": "0.05600000", "quoteQty": "14.94640000", "time": 1633508091787, "isBuyerMaker": false, "isBestMatch": true}, {"id": 37020631, "price": "266.90000000", "qty": "0.09300000", "quoteQty": "24.82170000", "time": 1633508091796, "isBuyerMaker": false, "isBestMatch": true}, {"id": 37020632, "price": "266.90000000", "qty": "0.07400000", "quoteQty": "19.75060000", "time": 1633508091809, "isBuyerMaker": false, "isBestMatch": true}, {"id": 37020633, "price": "266.90000000", "qty": "0.07400000", "quoteQty": "19.75060000", "time": 1633508091811, "isBuyerMaker": false, "isBestMatch": true}, {"id": 37020634, "price": "266.90000000", "qty": "0.05600000", "quoteQty": "14.94640000", "time": 1633508091815, "isBuyerMaker": false, "isBestMatch": true}, {"id": 37020635, "price": "266.90000000", "qty": "0.05600000", "quoteQty": "14.94640000", "time": 1633508091821, "isBuyerMaker": false, "isBestMatch": true}, {"id": 37020636, "price": "266.90000000", "qty": "0.05600000", "quoteQty": "14.94640000", "time": 1633508091823, "isBuyerMaker": false, "isBestMatch": true}, {"id": 37020637, "price": "266.90000000", "qty": "0.07400000", "quoteQty": "19.75060000", "time": 1633508091825, "isBuyerMaker": false, "isBestMatch": true}, {"id": 37020638, "price": "266.90000000", "qty": "0.05600000", "quoteQty": "14.94640000", "time": 1633508091829, "isBuyerMaker": false, "isBestMatch": true}, {"id": 37020639, "price": "266.90000000", "qty": "0.05600000", "quoteQty": "14.94640000", "time": 1633508091829, "isBuyerMaker": false, "isBestMatch": true}, {"id": 37020640, "price": "266.90000000", "qty": "0.07400000", "quoteQty": "19.75060000", "time": 1633508091830, "isBuyerMaker": false, "isBestMatch": true}, {"id": 37020641, "price": "266.90000000", "qty": "0.04000000", "quoteQty": "10.67600000", "time": 1633508091833, "isBuyerMaker": false, "isBestMatch": true}, {"id": 37020642, "price": "266.90000000", "qty": "0.05600000", "quoteQty": "14.94640000", "time": 1633508091834, "isBuyerMaker": false, "isBestMatch": true}, {"id": 37020643, "price": "266.90000000", "qty": "0.05600000", "quoteQty": "14.94640000", "time": 1633508091838, "isBuyerMaker": false, "isBestMatch": true}, {"id": 37020644, "price": "266.90000000", "qty": "0.05600000", "quoteQty": "14.94640000", "time": 1633508091841, "isBuyerMaker": false, "isBestMatch": true}, {"id": 37020645, "price": "266.90000000", "qty": "0.05600000", "quoteQty": "14.94640000", "time": 1633508091842, "isBuyerMaker": false, "isBestMatch": true}, {"id": 37020646, "price": "266.90000000", "qty": "0.05600000", "quoteQty": "14.94640000", "time": 1633508091845, "isBuyerMaker": false, "isBestMatch": true}, {"id": 37020647, "price": "266.90000000", "qty": "0.11200000", "quoteQty": "29.89280000", "time": 1633508091845, "isBuyerMaker": false, "isBestMatch": true}, {"id": 37020648, "price": "266.90000000", "qty": "0.05600000", "quoteQty": "14.94640000", "time": 1633508091846, "isBuyerMaker": false, "isBestMatch": true}, {"id": 37020649, "price": "266.90000000", "qty": "0.04000000", "quoteQty": "10.67600000", "time": 1633508091846, "isBuyerMaker": false, "isBestMatch": true}, {"id": 37020650, "price": "266.90000000", "qty": "0.05600000", "quoteQty": "14.94640000", "time": 1633508091849, "isBuyerMaker": false, "isBestMatch": true}, {"id": 37020651, "price": "266.90000000", "qty": "0.05600000", "quoteQty": "14.94640000", "time": 1633508091851, "isBuyerMaker": false, "isBestMatch": true}, {"id": 37020652, "price": "266.90000000", "qty": "0.07400000", "quoteQty": "19.75060000", "time": 1633508091856, "isBuyerMaker": false, "isBestMatch": true}, {"id": 37020653, "price": "266.90000000", "qty": "0.04000000", "quoteQty": "10.67600000", "time": 1633508091886, "isBuyerMaker": false, "isBestMatch": true}, {"id": 37020654, "price": "266.90000000", "qty": "0.00100000", "quoteQty": "0.26690000", "time": 1633508091923, "isBuyerMaker": false, "isBestMatch": true}, {"id": 37020655, "price": "266.90000000", "qty": "0.05500000", "quoteQty": "14.67950000", "time": 1633508091923, "isBuyerMaker": false, "isBestMatch": true}, {"id": 37020656, "price": "266.90000000", "qty": "0.07400000", "quoteQty": "19.75060000", "time": 1633508091943, "isBuyerMaker": false, "isBestMatch": true}, {"id": 37020657, "price": "266.90000000", "qty": "11.24000000", "quoteQty": "2999.95600000", "time": 1633508097107, "isBuyerMaker": false, "isBestMatch": true}, {"id": 37020658, "price": "266.90000000", "qty": "1.72100000", "quoteQty": "459.33490000", "time": 1633508097107, "isBuyerMaker": false, "isBestMatch": true}, {"id": 37020659, "price": "266.90000000", "qty": "1.48000000", "quoteQty": "395.01200000", "time": 1633508097107, "isBuyerMaker": false, "isBestMatch": true}, {"id": 37020660, "price": "266.90000000", "qty": "10.35500000", "quoteQty": "2763.74950000", "time": 1633508097121, "isBuyerMaker": false, "isBestMatch": true}, {"id": 37020661, "price": "267.00000000", "qty": "0.07400000", "quoteQty": "19.75800000", "time": 1633508097168, "isBuyerMaker": false, "isBestMatch": true}, {"id": 37020662, "price": "267.00000000", "qty": "0.00100000", "quoteQty": "0.26700000", "time": 1633508097880, "isBuyerMaker": false, "isBestMatch": true}, {"id": 37020663, "price": "267.00000000", "qty": "0.03900000", "quoteQty": "10.41300000", "time": 1633508097880, "isBuyerMaker": false, "isBestMatch": true}, {"id": 37020664, "price": "267.00000000", "qty": "0.04000000", "quoteQty": "10.68000000", "time": 1633508097943, "isBuyerMaker": false, "isBestMatch": true}, {"id": 37020665, "price": "267.00000000", "qty": "0.16800000", "quoteQty": "44.85600000", "time": 1633508097956, "isBuyerMaker": false, "isBestMatch": true}, {"id": 37020666, "price": "266.90000000", "qty": "0.05600000", "quoteQty": "14.94640000", "time": 1633508099012, "isBuyerMaker": true, "isBestMatch": true}, {"id": 37020667, "price": "267.00000000", "qty": "0.04100000", "quoteQty": "10.94700000", "time": 1633508107964, "isBuyerMaker": false, "isBestMatch": true}, {"id": 37020668, "price": "267.00000000", "qty": "1.16700000", "quoteQty": "311.58900000", "time": 1633508109805, "isBuyerMaker": false, "isBestMatch": true}, {"id": 37020669, "price": "267.00000000", "qty": "0.06200000", "quoteQty": "16.55400000", "time": 1633508110119, "isBuyerMaker": true, "isBestMatch": true}, {"id": 37020670, "price": "266.90000000", "qty": "0.13100000", "quoteQty": "34.96390000", "time": 1633508110152, "isBuyerMaker": true, "isBestMatch": true}, {"id": 37020671, "price": "266.90000000", "qty": "2.94900000", "quoteQty": "787.08810000", "time": 1633508110152, "isBuyerMaker": true, "isBestMatch": true}, {"id": 37020672, "price": "266.90000000", "qty": "0.03800000", "quoteQty": "10.14220000", "time": 1633508112330, "isBuyerMaker": true, "isBestMatch": true}, {"id": 37020673, "price": "267.00000000", "qty": "5.09800000", "quoteQty": "1361.16600000", "time": 1633508113186, "isBuyerMaker": false, "isBestMatch": true}, {"id": 37020674, "price": "267.00000000", "qty": "5.16000000", "quoteQty": "1377.72000000", "time": 1633508113186, "isBuyerMaker": false, "isBestMatch": true}, {"id": 37020675, "price": "267.00000000", "qty": "0.06200000", "quoteQty": "16.55400000", "time": 1633508113186, "isBuyerMaker": false, "isBestMatch": true}, {"id": 37020676, "price": "267.10000000", "qty": "3.46100000", "quoteQty": "924.43310000", "time": 1633508113213, "isBuyerMaker": false, "isBestMatch": true}, {"id": 37020677, "price": "267.10000000", "qty": "5.16000000", "quoteQty": "1378.23600000", "time": 1633508113213, "isBuyerMaker": false, "isBestMatch": true}, {"id": 37020678, "price": "267.10000000", "qty": "5.16000000", "quoteQty": "1378.23600000", "time": 1633508113213, "isBuyerMaker": false, "isBestMatch": true}, {"id": 37020679, "price": "267.10000000", "qty": "1.48000000", "quoteQty": "395.30800000", "time": 1633508113213, "isBuyerMaker": false, "isBestMatch": true}, {"id": 37020680, "price": "267.10000000", "qty": "0.07400000", "quoteQty": "19.76540000", "time": 1633508113213, "isBuyerMaker": false, "isBestMatch": true}, {"id": 37020681, "price": "267.10000000", "qty": "2.33600000", "quoteQty": "623.94560000", "time": 1633508113213, "isBuyerMaker": false, "isBestMatch": true}, {"id": 37020682, "price": "267.10000000", "qty": "2.29200000", "quoteQty": "612.19320000", "time": 1633508113213, "isBuyerMaker": false, "isBestMatch": true}, {"id": 37020683, "price": "267.10000000", "qty": "1.84300000", "quoteQty": "492.26530000", "time": 1633508113303, "isBuyerMaker": true, "isBestMatch": true}, {"id": 37020684, "price": "267.10000000", "qty": "1.94200000", "quoteQty": "518.70820000", "time": 1633508116108, "isBuyerMaker": false, "isBestMatch": true}, {"id": 37020685, "price": "267.10000000", "qty": "1.96200000", "quoteQty": "524.05020000", "time": 1633508116108, "isBuyerMaker": false, "isBestMatch": true}, {"id": 37020686, "price": "267.20000000", "qty": "1.00000000", "quoteQty": "267.20000000", "time": 1633508116120, "isBuyerMaker": false, "isBestMatch": true}, {"id": 37020687, "price": "267.10000000", "qty": "1.00700000", "quoteQty": "268.96970000", "time": 1633508116350, "isBuyerMaker": true, "isBestMatch": true}, {"id": 37020688, "price": "267.10000000", "qty": "0.06200000", "quoteQty": "16.56020000", "time": 1633508116350, "isBuyerMaker": true, "isBestMatch": true}, {"id": 37020689, "price": "267.10000000", "qty": "0.10800000", "quoteQty": "28.84680000", "time": 1633508116350, "isBuyerMaker": true, "isBestMatch": true}, {"id": 37020690, "price": "267.10000000", "qty": "0.70500000", "quoteQty": "188.30550000", "time": 1633508116454, "isBuyerMaker": true, "isBestMatch": true}, {"id": 37020691, "price": "267.00000000", "qty": "3.08000000", "quoteQty": "822.36000000", "time": 1633508116470, "isBuyerMaker": true, "isBestMatch": true}, {"id": 37020692, "price": "267.10000000", "qty": "4.45500000", "quoteQty": "1189.93050000", "time": 1633508116915, "isBuyerMaker": false, "isBestMatch": true}, {"id": 37020693, "price": "267.10000000", "qty": "5.16000000", "quoteQty": "1378.23600000", "time": 1633508116915, "isBuyerMaker": false, "isBestMatch": true}, {"id": 37020694, "price": "267.20000000", "qty": "3.79600000", "quoteQty": "1014.29120000", "time": 1633508116942, "isBuyerMaker": false, "isBestMatch": true}, {"id": 37020695, "price": "267.20000000", "qty": "2.62200000", "quoteQty": "700.59840000", "time": 1633508116942, "isBuyerMaker": false, "isBestMatch": true}, {"id": 37020696, "price": "267.20000000", "qty": "4.81600000", "quoteQty": "1286.83520000", "time": 1633508116942, "isBuyerMaker": false, "isBestMatch": true}, {"id": 37020697, "price": "267.20000000", "qty": "9.67900000", "quoteQty": "2586.22880000", "time": 1633508116942, "isBuyerMaker": false, "isBestMatch": true}, {"id": 37020698, "price": "267.20000000", "qty": "0.06200000", "quoteQty": "16.56640000", "time": 1633508116942, "isBuyerMaker": false, "isBestMatch": true}, {"id": 37020699, "price": "267.20000000", "qty": "2.82600000", "quoteQty": "755.10720000", "time": 1633508117095, "isBuyerMaker": false, "isBestMatch": true}, {"id": 37020700, "price": "267.20000000", "qty": "1.34400000", "quoteQty": "359.11680000", "time": 1633508117245, "isBuyerMaker": true, "isBestMatch": true}, {"id": 37020701, "price": "267.20000000", "qty": "2.84500000", "quoteQty": "760.18400000", "time": 1633508117270, "isBuyerMaker": true, "isBestMatch": true}, {"id": 37020702, "price": "267.20000000", "qty": "4.61100000", "quoteQty": "1232.05920000", "time": 1633508117461, "isBuyerMaker": true, "isBestMatch": true}, {"id": 37020703, "price": "267.20000000", "qty": "0.06500000", "quoteQty": "17.36800000", "time": 1633508117461, "isBuyerMaker": true, "isBestMatch": true}, {"id": 37020704, "price": "267.20000000", "qty": "0.48400000", "quoteQty": "129.32480000", "time": 1633508117514, "isBuyerMaker": false, "isBestMatch": true}, {"id": 37020705, "price": "267.20000000", "qty": "1.98600000", "quoteQty": "530.65920000", "time": 1633508117514, "isBuyerMaker": false, "isBestMatch": true}, {"id": 37020706, "price": "267.20000000", "qty": "0.70400000", "quoteQty": "188.10880000", "time": 1633508117558, "isBuyerMaker": false, "isBestMatch": true}, {"id": 37020707, "price": "267.20000000", "qty": "2.47000000", "quoteQty": "659.98400000", "time": 1633508117607, "isBuyerMaker": false, "isBestMatch": true}, {"id": 37020708, "price": "267.30000000", "qty": "0.13500000", "quoteQty": "36.08550000", "time": 1633508117929, "isBuyerMaker": false, "isBestMatch": true}, {"id": 37020709, "price": "267.20000000", "qty": "3.17400000", "quoteQty": "848.09280000", "time": 1633508118111, "isBuyerMaker": true, "isBestMatch": true}, {"id": 37020710, "price": "267.20000000", "qty": "1.98600000", "quoteQty": "530.65920000", "time": 1633508118111, "isBuyerMaker": true, "isBestMatch": true}, {"id": 37020711, "price": "267.20000000", "qty": "2.50700000", "quoteQty": "669.87040000", "time": 1633508118122, "isBuyerMaker": true, "isBestMatch": true}, {"id": 37020712, "price": "267.20000000", "qty": "2.50000000", "quoteQty": "668.00000000", "time": 1633508118179, "isBuyerMaker": false, "isBestMatch": true}, {"id": 37020713, "price": "267.20000000", "qty": "0.15300000", "quoteQty": "40.88160000", "time": 1633508118186, "isBuyerMaker": false, "isBestMatch": true}, {"id": 37020714, "price": "267.20000000", "qty": "0.15300000", "quoteQty": "40.88160000", "time": 1633508118206, "isBuyerMaker": true, "isBestMatch": true}, {"id": 37020715, "price": "267.20000000", "qty": "2.65300000", "quoteQty": "708.88160000", "time": 1633508118211, "isBuyerMaker": false, "isBestMatch": true}, {"id": 37020716, "price": "267.20000000", "qty": "0.27400000", "quoteQty": "73.21280000", "time": 1633508118288, "isBuyerMaker": false, "isBestMatch": true}, {"id": 37020717, "price": "267.30000000", "qty": "0.05600000", "quoteQty": "14.96880000", "time": 1633508119006, "isBuyerMaker": false, "isBestMatch": true}, {"id": 37020718, "price": "267.10000000", "qty": "2.35600000", "quoteQty": "629.28760000", "time": 1633508119900, "isBuyerMaker": true, "isBestMatch": true}, {"id": 37020719, "price": "267.10000000", "qty": "1.73300000", "quoteQty": "462.88430000", "time": 1633508119900, "isBuyerMaker": true, "isBestMatch": true}, {"id": 37020720, "price": "267.10000000", "qty": "1.07100000", "quoteQty": "286.06410000", "time": 1633508119900, "isBuyerMaker": true, "isBestMatch": true}, {"id": 37020721, "price": "267.10000000", "qty": "1.12100000", "quoteQty": "299.41910000", "time": 1633508119925, "isBuyerMaker": true, "isBestMatch": true}, {"id": 37020722, "price": "267.10000000", "qty": "0.05800000", "quoteQty": "15.49180000", "time": 1633508119925, "isBuyerMaker": true, "isBestMatch": true}, {"id": 37020723, "price": "267.10000000", "qty": "1.90100000", "quoteQty": "507.75710000", "time": 1633508119925, "isBuyerMaker": true, "isBestMatch": true}, {"id": 37020724, "price": "267.10000000", "qty": "2.59000000", "quoteQty": "691.78900000", "time": 1633508119941, "isBuyerMaker": true, "isBestMatch": true}, {"id": 37020725, "price": "267.10000000", "qty": "2.50000000", "quoteQty": "667.75000000", "time": 1633508119981, "isBuyerMaker": false, "isBestMatch": true}, {"id": 37020726, "price": "267.10000000", "qty": "0.07000000", "quoteQty": "18.69700000", "time": 1633508119988, "isBuyerMaker": false, "isBestMatch": true}, {"id": 37020727, "price": "267.10000000", "qty": "1.73300000", "quoteQty": "462.88430000", "time": 1633508120556, "isBuyerMaker": true, "isBestMatch": true}, {"id": 37020728, "price": "267.00000000", "qty": "1.41900000", "quoteQty": "378.87300000", "time": 1633508129855, "isBuyerMaker": true, "isBestMatch": true}, {"id": 37020729, "price": "267.00000000", "qty": "2.19200000", "quoteQty": "585.26400000", "time": 1633508129855, "isBuyerMaker": true, "isBestMatch": true}, {"id": 37020730, "price": "267.00000000", "qty": "1.73300000", "quoteQty": "462.71100000", "time": 1633508129855, "isBuyerMaker": true, "isBestMatch": true}, {"id": 37020731, "price": "267.00000000", "qty": "0.65600000", "quoteQty": "175.15200000", "time": 1633508129855, "isBuyerMaker": true, "isBestMatch": true}, {"id": 37020732, "price": "267.10000000", "qty": "3.42700000", "quoteQty": "915.35170000", "time": 1633508135694, "isBuyerMaker": false, "isBestMatch": true}, {"id": 37020733, "price": "267.10000000", "qty": "0.06500000", "quoteQty": "17.36150000", "time": 1633508135694, "isBuyerMaker": false, "isBestMatch": true}, {"id": 37020734, "price": "267.10000000", "qty": "0.05800000", "quoteQty": "15.49180000", "time": 1633508135694, "isBuyerMaker": false, "isBestMatch": true}, {"id": 37020735, "price": "267.10000000", "qty": "0.29300000", "quoteQty": "78.26030000", "time": 1633508135694, "isBuyerMaker": false, "isBestMatch": true}, {"id": 37020736, "price": "267.20000000", "qty": "1.99300000", "quoteQty": "532.52960000", "time": 1633508136366, "isBuyerMaker": false, "isBestMatch": true}, {"id": 37020737, "price": "267.30000000", "qty": "1.28900000", "quoteQty": "344.54970000", "time": 1633508136743, "isBuyerMaker": false, "isBestMatch": true}, {"id": 37020738, "price": "267.30000000", "qty": "0.03800000", "quoteQty": "10.15740000", "time": 1633508136743, "isBuyerMaker": false, "isBestMatch": true}, {"id": 37020739, "price": "267.30000000", "qty": "1.45300000", "quoteQty": "388.38690000", "time": 1633508136743, "isBuyerMaker": false, "isBestMatch": true}, {"id": 37020740, "price": "267.30000000", "qty": "0.66500000", "quoteQty": "177.75450000", "time": 1633508136743, "isBuyerMaker": false, "isBestMatch": true}, {"id": 37020741, "price": "267.30000000", "qty": "1.16200000", "quoteQty": "310.60260000", "time": 1633508136770, "isBuyerMaker": false, "isBestMatch": true}, {"id": 37020742, "price": "267.30000000", "qty": "3.53400000", "quoteQty": "944.63820000", "time": 1633508136789, "isBuyerMaker": false, "isBestMatch": true}, {"id": 37020743, "price": "267.30000000", "qty": "0.78500000", "quoteQty": "209.83050000", "time": 1633508136789, "isBuyerMaker": false, "isBestMatch": true}, {"id": 37020744, "price": "267.20000000", "qty": "5.16000000", "quoteQty": "1378.75200000", "time": 1633508136810, "isBuyerMaker": true, "isBestMatch": true}, {"id": 37020745, "price": "267.20000000", "qty": "2.44000000", "quoteQty": "651.96800000", "time": 1633508136830, "isBuyerMaker": true, "isBestMatch": true}, {"id": 37020746, "price": "267.20000000", "qty": "1.41300000", "quoteQty": "377.55360000", "time": 1633508136830, "isBuyerMaker": true, "isBestMatch": true}, {"id": 37020747, "price": "267.20000000", "qty": "0.12400000", "quoteQty": "33.13280000", "time": 1633508136830, "isBuyerMaker": true, "isBestMatch": true}, {"id": 37020748, "price": "267.20000000", "qty": "1.18300000", "quoteQty": "316.09760000", "time": 1633508136830, "isBuyerMaker": true, "isBestMatch": true}, {"id": 37020749, "price": "267.20000000", "qty": "0.55000000", "quoteQty": "146.96000000", "time": 1633508136877, "isBuyerMaker": true, "isBestMatch": true}, {"id": 37020750, "price": "267.20000000", "qty": "0.31200000", "quoteQty": "83.36640000", "time": 1633508136877, "isBuyerMaker": true, "isBestMatch": true}, {"id": 37020751, "price": "267.20000000", "qty": "2.21800000", "quoteQty": "592.64960000", "time": 1633508136877, "isBuyerMaker": true, "isBestMatch": true}]